<?xml version="1.0" encoding="UTF-8"?>
<!DOCTYPE html PUBLIC "-//W3C//DTD XHTML 1.0 Transitional//EN"
    "http://www.w3.org/TR/xhtml1/DTD/xhtml1-transitional.dtd">
<html xmlns="http://www.w3.org/1999/xhtml" xml:lang="en" lang="en">
 <head>
  <title>
</title>
<meta http-equiv="Content-Type" content="text/html;charset=utf-8" />
  <meta name='ocr-system' content='tesseract 3.04.00' />
  <meta name='ocr-capabilities' content='ocr_page ocr_carea ocr_par ocr_line ocrx_word'/>
</head>
<body>
  <div class='ocr_page' id='page_1' title='image "./tliviipatavinih00rupegoog/tliviipatavinih00rupegoog_0514.png"; bbox 0 0 2782 5272; ppageno 0'>
   <div class='ocr_carea' id='block_1_1' title="bbox 532 1149 830 1234">
    <p class='ocr_par' dir='ltr' id='par_1_1' title="bbox 532 1149 830 1234">
     <span class='ocr_line' id='line_1_1' title="bbox 532 1149 830 1234; baseline -0.003 -5"><span class='ocrx_word' id='word_1_1' title='bbox 532 1149 698 1234; x_wconf 83' lang='lat' dir='ltr'>LIBER</span> <span class='ocrx_word' id='word_1_2' title='bbox 736 1155 830 1229; x_wconf 86' lang='lat' dir='ltr'>vtt.</span> 
     </span>
    </p>
   </div>
   <div class='ocr_carea' id='block_1_2' title="bbox 126 1429 1282 4673">
    <p class='ocr_par' dir='ltr' id='par_1_2' title="bbox 126 1429 1282 4673">
     <span class='ocr_line' id='line_1_2' title="bbox 164 1429 1225 1494; baseline 0.003 -15"><span class='ocrx_word' id='word_1_3' title='bbox 164 1430 230 1479; x_wconf 75' lang='lat' dir='ltr'>Cre.</span> <span class='ocrx_word' id='word_1_4' title='bbox 254 1434 277 1477; x_wconf 87' lang='lat' dir='ltr'>l.</span> <span class='ocrx_word' id='word_1_5' title='bbox 305 1431 350 1493; x_wconf 75' lang='lat' dir='ltr'>§t</span> <span class='ocrx_word' id='word_1_6' title='bbox 373 1429 459 1478; x_wconf 75' lang='lat' dir='ltr'>Aones</span> <span class='ocrx_word' id='word_1_7' title='bbox 485 1429 524 1479; x_wconf 81' lang='lat' dir='ltr'>isio</span> <span class='ocrx_word' id='word_1_8' title='bbox 550 1429 598 1480; x_wconf 80' lang='lat' dir='ltr'>erit</span> <span class='ocrx_word' id='word_1_9' title='bbox 618 1430 656 1479; x_wconf 82' lang='lat' dir='ltr'>is·</span> <span class='ocrx_word' id='word_1_10' title='bbox 698 1429 1225 1494; x_wconf 61' lang='lat' dir='ltr'>enimtogsmpretextemseiitmeotn·</span> 
     </span>
     <span class='ocr_line' id='line_1_3' title="bbox 128 1503 1226 1570; baseline 0.002 -18"><span class='ocrx_word' id='word_1_11' title='bbox 128 1506 206 1565; x_wconf 77' lang='lat' dir='ltr'>signis</span> <span class='ocrx_word' id='word_1_12' title='bbox 217 1505 271 1552; x_wconf 76' lang='lat' dir='ltr'>noni</span> <span class='ocrx_word' id='word_1_13' title='bbox 287 1503 389 1553; x_wconf 74' lang='lat' dir='ltr'>hominis</span> <span class='ocrx_word' id='word_1_14' title='bbox 401 1505 533 1568; x_wconf 72' lang='lat' dir='ltr'>consolatis]</span> <span class='ocrx_word' id='word_1_15' title='bbox 550 1507 657 1557; x_wconf 77' lang='lat' dir='ltr'>‘Notos</span> <span class='ocrx_word' id='word_1_16' title='bbox 698 1503 759 1564; x_wconf 84' lang='lat' dir='ltr'>tem,</span> <span class='ocrx_word' id='word_1_17' title='bbox 764 1505 820 1567; x_wconf 81' lang='lat' dir='ltr'>jos,</span> <span class='ocrx_word' id='word_1_18' title='bbox 830 1505 955 1568; x_wconf 78' lang='lat' dir='ltr'>imagines</span> <span class='ocrx_word' id='word_1_19' title='bbox 964 1505 996 1554; x_wconf 86' lang='lat' dir='ltr'>sd</span> <span class='ocrx_word' id='word_1_20' title='bbox 1008 1506 1155 1555; x_wconf 77' lang='lat' dir='ltr'>memoriam</span> <span class='ocrx_word' id='word_1_21' title='bbox 1167 1521 1226 1570; x_wconf 83' lang='lat' dir='ltr'>pos·</span> 
     </span>
     <span class='ocr_line' id='line_1_4' title="bbox 130 1580 1227 1647; baseline 0.005 -19"><span class='ocrx_word' id='word_1_22' title='bbox 130 1580 220 1630; x_wconf 83' lang='lat' dir='ltr'>iromo&#39;</span> <span class='ocrx_word' id='word_1_23' title='bbox 248 1580 316 1644; x_wconf 80' lang='lat' dir='ltr'>sprtd</span> <span class='ocrx_word' id='word_1_24' title='bbox 335 1581 434 1630; x_wconf 83' lang='lat' dir='ltr'>Livium</span> <span class='ocrx_word' id='word_1_25' title='bbox 457 1582 563 1647; x_wconf 85' lang='lat' dir='ltr'>dicitnr,</span> <span class='ocrx_word' id='word_1_26' title='bbox 582 1583 658 1639; x_wconf 84' lang='lat' dir='ltr'>etis,</span> <span class='ocrx_word' id='word_1_27' title='bbox 697 1582 880 1646; x_wconf 82' lang='lat' dir='ltr'>teritetemqoe</span> <span class='ocrx_word' id='word_1_28' title='bbox 892 1580 1068 1645; x_wconf 66' lang='lat' dir='ltr'>prodendam!</span> <span class='ocrx_word' id='word_1_29' title='bbox 1092 1584 1227 1634; x_wconf 81' lang='lat' dir='ltr'>Eteontre</span> 
     </span>
     <span class='ocr_line' id='line_1_5' title="bbox 129 1658 1224 1723; baseline 0.005 -20"><span class='ocrx_word' id='word_1_30' title='bbox 129 1659 173 1720; x_wconf 87' lang='lat' dir='ltr'>qui</span> <span class='ocrx_word' id='word_1_31' title='bbox 197 1659 377 1719; x_wconf 84' lang='lat' dir='ltr'>nrsgistrstorn</span> <span class='ocrx_word' id='word_1_32' title='bbox 405 1658 486 1721; x_wconf 81' lang='lat' dir='ltr'>sepit,</span> <span class='ocrx_word' id='word_1_33' title='bbox 513 1672 589 1722; x_wconf 80' lang='lat' dir='ltr'>qoem</span> <span class='ocrx_word' id='word_1_34' title='bbox 605 1671 657 1707; x_wconf 90' lang='lat' dir='ltr'>non</span> <span class='ocrx_word' id='word_1_35' title='bbox 698 1659 803 1708; x_wconf 82' lang='lat' dir='ltr'>Rnitnm</span> <span class='ocrx_word' id='word_1_36' title='bbox 824 1663 890 1709; x_wconf 75' lang='lat' dir='ltr'>inl.</span> <span class='ocrx_word' id='word_1_37' title='bbox 915 1660 979 1709; x_wconf 82' lang='lat' dir='ltr'>‘Est</span> <span class='ocrx_word' id='word_1_38' title='bbox 998 1660 1046 1709; x_wconf 79' lang='lat' dir='ltr'>troo</span> <span class='ocrx_word' id='word_1_39' title='bbox 1057 1659 1083 1707; x_wconf 94' lang='lat' dir='ltr'>in</span> <span class='ocrx_word' id='word_1_40' title='bbox 1096 1672 1167 1709; x_wconf 86' lang='lat' dir='ltr'>more</span> <span class='ocrx_word' id='word_1_41' title='bbox 1178 1675 1224 1723; x_wconf 85' lang='lat' dir='ltr'>po·</span> 
     </span>
     <span class='ocr_line' id='line_1_6' title="bbox 130 1733 1225 1800; baseline 0.007 -20"><span class='ocrx_word' id='word_1_42' title='bbox 130 1742 206 1781; x_wconf 88' lang='lat' dir='ltr'>snteo</span> <span class='ocrx_word' id='word_1_43' title='bbox 218 1733 307 1795; x_wconf 81' lang='lat' dir='ltr'>gessit.</span> <span class='ocrx_word' id='word_1_44' title='bbox 325 1742 352 1783; x_wconf 90' lang='lat' dir='ltr'>et</span> <span class='ocrx_word' id='word_1_45' title='bbox 371 1735 415 1796; x_wconf 90' lang='lat' dir='ltr'>qni</span> <span class='ocrx_word' id='word_1_46' title='bbox 427 1735 524 1798; x_wconf 80' lang='lat' dir='ltr'>primns</span> <span class='ocrx_word' id='word_1_47' title='bbox 535 1749 567 1784; x_wconf 81' lang='lat' dir='ltr'>ex</span> <span class='ocrx_word' id='word_1_48' title='bbox 583 1734 659 1784; x_wconf 81' lang='lat' dir='ltr'>seori-</span> <span class='ocrx_word' id='word_1_49' title='bbox 698 1736 785 1792; x_wconf 87' lang='lat' dir='ltr'>sitnm,</span> <span class='ocrx_word' id='word_1_50' title='bbox 801 1737 929 1799; x_wconf 81' lang='lat' dir='ltr'>Quirites,</span> <span class='ocrx_word' id='word_1_51' title='bbox 941 1744 969 1787; x_wconf 88' lang='lat' dir='ltr'>ut</span> <span class='ocrx_word' id='word_1_52' title='bbox 988 1738 1016 1792; x_wconf 86' lang='lat' dir='ltr'>ii.</span> <span class='ocrx_word' id='word_1_53' title='bbox 1037 1738 1079 1800; x_wconf 85' lang='lat' dir='ltr'>qui</span> <span class='ocrx_word' id='word_1_54' title='bbox 1098 1736 1225 1788; x_wconf 81' lang='lat' dir='ltr'>beneficio</span> 
     </span>
     <span class='ocr_line' id='line_1_7' title="bbox 129 1807 1247 1876; baseline 0.008 -22"><span class='ocrx_word' id='word_1_55' title='bbox 129 1807 163 1854; x_wconf 85' lang='lat' dir='ltr'>lis</span> <span class='ocrx_word' id='word_1_56' title='bbox 182 1822 229 1855; x_wconf 72' lang='lat' dir='ltr'>suo</span> <span class='ocrx_word' id='word_1_57' title='bbox 246 1809 360 1856; x_wconf 75' lang='lat' dir='ltr'>cornicor</span> <span class='ocrx_word' id='word_1_58' title='bbox 381 1810 557 1870; x_wconf 70' lang='lat' dir='ltr'>magistratu·</span> <span class='ocrx_word' id='word_1_59' title='bbox 579 1809 659 1872; x_wconf 80' lang='lat' dir='ltr'>cepit.</span> <span class='ocrx_word' id='word_1_60' title='bbox 698 1813 924 1876; x_wconf 74' lang='lat' dir='ltr'>vestroimsgines</span> <span class='ocrx_word' id='word_1_61' title='bbox 941 1811 1114 1863; x_wconf 63' lang='lat' dir='ltr'>familiarum</span> <span class='ocrx_word' id='word_1_62' title='bbox 1134 1827 1225 1863; x_wconf 88' lang='lat' dir='ltr'>conse·</span> <span class='ocrx_word' id='word_1_63' title='bbox 1244 1830 1247 1835; x_wconf 92' lang='lat'><em>·</em></span> 
     </span>
     <span class='ocr_line' id='line_1_8' title="bbox 128 1883 1226 1952; baseline 0.008 -23"><span class='ocrx_word' id='word_1_64' title='bbox 128 1883 220 1931; x_wconf 80' lang='lat' dir='ltr'>Priore</span> <span class='ocrx_word' id='word_1_65' title='bbox 243 1883 320 1933; x_wconf 80' lang='lat' dir='ltr'>modo</span> <span class='ocrx_word' id='word_1_66' title='bbox 343 1885 444 1935; x_wconf 84' lang='lat' dir='ltr'>locutos</span> <span class='ocrx_word' id='word_1_67' title='bbox 467 1893 509 1935; x_wconf 88' lang='lat' dir='ltr'>est</span> <span class='ocrx_word' id='word_1_68' title='bbox 527 1897 601 1935; x_wconf 83' lang='lat' dir='ltr'>xxtt.</span> <span class='ocrx_word' id='word_1_69' title='bbox 616 1889 659 1935; x_wconf 80' lang='grc'>88.</span> <span class='ocrx_word' id='word_1_70' title='bbox 697 1889 751 1937; x_wconf 89' lang='lat' dir='ltr'>coti</span> <span class='ocrx_word' id='word_1_71' title='bbox 763 1897 900 1951; x_wconf 87' lang='lat' dir='ltr'>snnt,eom</span> <span class='ocrx_word' id='word_1_72' title='bbox 918 1889 1025 1952; x_wconf 72' lang='lat' dir='ltr'>primuni</span> <span class='ocrx_word' id='word_1_73' title='bbox 1041 1888 1153 1938; x_wconf 79' lang='lat' dir='ltr'>hebernt</span> <span class='ocrx_word' id='word_1_74' title='bbox 1165 1902 1226 1938; x_wconf 86' lang='lat' dir='ltr'>oon·</span> 
     </span>
     <span class='ocr_line' id='line_1_9' title="bbox 127 1960 1225 2027; baseline 0.004 -21"><span class='ocrx_word' id='word_1_75' title='bbox 127 1960 135 1983; x_wconf 81' lang='lat'><strong>⁴</strong></span> <span class='ocrx_word' id='word_1_76' title='bbox 147 1960 204 2006; x_wconf 84' lang='lat' dir='ltr'>Nee</span> <span class='ocrx_word' id='word_1_77' title='bbox 214 1960 333 2021; x_wconf 78' lang='lat' dir='ltr'>cuiquem</span> <span class='ocrx_word' id='word_1_78' title='bbox 345 1962 656 2025; x_wconf 78' lang='lat' dir='ltr'>eorum,prseter&#39;1&#39;ereo·</span> <span class='ocrx_word' id='word_1_79' title='bbox 697 1962 808 2022; x_wconf 83' lang='lat' dir='ltr'>cionem,</span> <span class='ocrx_word' id='word_1_80' title='bbox 819 1978 870 2027; x_wconf 82' lang='lat' dir='ltr'>quo</span> <span class='ocrx_word' id='word_1_81' title='bbox 883 1963 994 2026; x_wconf 74' lang='lat' dir='ltr'>grstiom</span> <span class='ocrx_word' id='word_1_82' title='bbox 1013 1962 1134 2012; x_wconf 81' lang='lat' dir='ltr'>beneficii</span> <span class='ocrx_word' id='word_1_83' title='bbox 1146 1963 1225 2012; x_wconf 81' lang='lat' dir='ltr'>vestri</span> 
     </span>
     <span class='ocr_line' id='line_1_10' title="bbox 129 2035 1226 2102; baseline 0.005 -21"><span class='ocrx_word' id='word_1_84' title='bbox 129 2035 191 2081; x_wconf 83' lang='lat' dir='ltr'>tium</span> <span class='ocrx_word' id='word_1_85' title='bbox 203 2036 557 2092; x_wconf 81' lang='lat' dir='ltr'>constrietn,eretmsndstns</span> <span class='ocrx_word' id='word_1_86' title='bbox 569 2039 658 2102; x_wconf 76' lang='lat' dir='ltr'>honos,</span> <span class='ocrx_word' id='word_1_87' title='bbox 698 2051 755 2088; x_wconf 81' lang='lat' dir='ltr'>curn</span> <span class='ocrx_word' id='word_1_88' title='bbox 768 2053 871 2087; x_wconf 83' lang='lat' dir='ltr'>snorum</span> <span class='ocrx_word' id='word_1_89' title='bbox 883 2039 959 2087; x_wconf 86' lang='lat' dir='ltr'>isude</span> <span class='ocrx_word' id='word_1_90' title='bbox 968 2037 1144 2102; x_wconf 67' lang='lat' dir='ltr'>conjungent!</span> <span class='ocrx_word' id='word_1_91' title='bbox 1178 2039 1226 2087; x_wconf 78' lang='lat' dir='ltr'>Est</span> 
     </span>
     <span class='ocr_line' id='line_1_11' title="bbox 128 2110 1227 2177; baseline 0.005 -20"><span class='ocrx_word' id='word_1_92' title='bbox 128 2112 266 2172; x_wconf 83' lang='lat' dir='ltr'>qtrenrjorn</span> <span class='ocrx_word' id='word_1_93' title='bbox 282 2125 333 2159; x_wconf 91' lang='lat' dir='ltr'>non</span> <span class='ocrx_word' id='word_1_94' title='bbox 346 2120 424 2162; x_wconf 81' lang='lat' dir='ltr'>sntee</span> <span class='ocrx_word' id='word_1_95' title='bbox 434 2114 572 2175; x_wconf 66' lang='lat' dir='ltr'>gessisset:</span> <span class='ocrx_word' id='word_1_96' title='bbox 591 2128 657 2177; x_wconf 78' lang='lat' dir='ltr'>pree·</span> <span class='ocrx_word' id='word_1_97' title='bbox 698 2119 783 2162; x_wconf 81' lang='lat' dir='ltr'>eutem</span> <span class='ocrx_word' id='word_1_98' title='bbox 795 2116 803 2141; x_wconf 80' lang='lat'>⁴</span> <span class='ocrx_word' id='word_1_99' title='bbox 816 2114 936 2177; x_wconf 79' lang='lat' dir='ltr'>consequi</span> <span class='ocrx_word' id='word_1_100' title='bbox 957 2114 1082 2176; x_wconf 72' lang='lat' dir='ltr'>imaginor</span> <span class='ocrx_word' id='word_1_101' title='bbox 1105 2110 1227 2168; x_wconf 61' lang='lat' dir='ltr'>familie:</span> 
     </span>
     <span class='ocr_line' id='line_1_12' title="bbox 129 2184 1225 2251; baseline 0.006 -20"><span class='ocrx_word' id='word_1_102' title='bbox 129 2186 213 2233; x_wconf 79' lang='lat' dir='ltr'>teritis</span> <span class='ocrx_word' id='word_1_103' title='bbox 228 2185 328 2248; x_wconf 79' lang='lat' dir='ltr'>otiquos</span> <span class='ocrx_word' id='word_1_104' title='bbox 355 2184 466 2235; x_wconf 79' lang='lat' dir='ltr'>sortibus</span> <span class='ocrx_word' id='word_1_105' title='bbox 485 2201 516 2236; x_wconf 83' lang='lat' dir='ltr'>on</span> <span class='ocrx_word' id='word_1_106' title='bbox 545 2189 657 2237; x_wconf 84' lang='lat' dir='ltr'>strenuis</span> <span class='ocrx_word' id='word_1_107' title='bbox 696 2189 865 2250; x_wconf 70' lang='lat' dir='ltr'>magistratus</span> <span class='ocrx_word' id='word_1_108' title='bbox 877 2188 1159 2251; x_wconf 84' lang='lat' dir='ltr'>curulesemsjoribns</span> <span class='ocrx_word' id='word_1_109' title='bbox 1173 2188 1225 2238; x_wconf 85' lang='lat' dir='ltr'>soie</span> 
     </span>
     <span class='ocr_line' id='line_1_13' title="bbox 130 2259 1282 2328; baseline 0.008 -23"><span class='ocrx_word' id='word_1_110' title='bbox 130 2259 199 2319; x_wconf 88' lang='lat' dir='ltr'>riris,</span> <span class='ocrx_word' id='word_1_111' title='bbox 216 2259 276 2321; x_wconf 80' lang='lat' dir='ltr'>quis</span> <span class='ocrx_word' id='word_1_112' title='bbox 291 2261 316 2307; x_wconf 90' lang='lat' dir='ltr'>in</span> <span class='ocrx_word' id='word_1_113' title='bbox 330 2260 376 2308; x_wconf 87' lang='lat' dir='ltr'>toli</span> <span class='ocrx_word' id='word_1_114' title='bbox 387 2266 504 2325; x_wconf 84' lang='lat' dir='ltr'>tempore</span> <span class='ocrx_word' id='word_1_115' title='bbox 516 2262 601 2310; x_wconf 81' lang='lat' dir='ltr'>nultos</span> <span class='ocrx_word' id='word_1_116' title='bbox 611 2277 656 2312; x_wconf 90' lang='lat' dir='ltr'>no·</span> <span class='ocrx_word' id='word_1_117' title='bbox 697 2264 760 2314; x_wconf 88' lang='lat' dir='ltr'>item</span> <span class='ocrx_word' id='word_1_118' title='bbox 781 2269 868 2327; x_wconf 78' lang='lat' dir='ltr'>gestos</span> <span class='ocrx_word' id='word_1_119' title='bbox 887 2278 992 2327; x_wconf 70' lang='lat' dir='ltr'>cepere·</span> <span class='ocrx_word' id='word_1_120' title='bbox 1024 2265 1059 2314; x_wconf 82' lang='lat' dir='ltr'>Et</span> <span class='ocrx_word' id='word_1_121' title='bbox 1077 2272 1145 2328; x_wconf 84' lang='lat' dir='ltr'>post.</span> <span class='ocrx_word' id='word_1_122' title='bbox 1161 2264 1226 2314; x_wconf 81' lang='lat' dir='ltr'>‘Me</span> <span class='ocrx_word' id='word_1_123' title='bbox 1280 2268 1282 2273; x_wconf 89' lang='lat'>&#39;</span> 
     </span>
     <span class='ocr_line' id='line_1_14' title="bbox 128 2334 1226 2399; baseline 0.008 -17"><span class='ocrx_word' id='word_1_124' title='bbox 128 2334 166 2382; x_wconf 79' lang='lat' dir='ltr'>vis</span> <span class='ocrx_word' id='word_1_125' title='bbox 187 2336 350 2399; x_wconf 77' lang='lat' dir='ltr'>megistrstns</span> <span class='ocrx_word' id='word_1_126' title='bbox 371 2337 507 2387; x_wconf 74' lang='lat' dir='ltr'>ridebatur</span> <span class='ocrx_word' id='word_1_127' title='bbox 534 2338 657 2387; x_wconf 79' lang='lat' dir='ltr'>montinn-</span> <span class='ocrx_word' id='word_1_128' title='bbox 696 2340 822 2389; x_wconf 83' lang='lat' dir='ltr'>hominem</span> <span class='ocrx_word' id='word_1_129' title='bbox 843 2354 935 2390; x_wconf 83' lang='lat' dir='ltr'>norom</span> <span class='ocrx_word' id='word_1_130' title='bbox 958 2342 1087 2391; x_wconf 86' lang='lat' dir='ltr'>consulem</span> <span class='ocrx_word' id='word_1_131' title='bbox 1106 2339 1226 2391; x_wconf 67' lang='lat' dir='ltr'>sectetis&#39;</span> 
     </span>
     <span class='ocr_line' id='line_1_15' title="bbox 127 2411 1225 2478; baseline 0.008 -20"><span class='ocrx_word' id='word_1_132' title='bbox 127 2411 193 2460; x_wconf 71' lang='lat' dir='ltr'>(lus.⁸</span> <span class='ocrx_word' id='word_1_133' title='bbox 226 2413 375 2462; x_wconf 85' lang='lat' dir='ltr'>Posteriore</span> <span class='ocrx_word' id='word_1_134' title='bbox 393 2415 440 2464; x_wconf 86' lang='lat' dir='ltr'>hoc</span> <span class='ocrx_word' id='word_1_135' title='bbox 460 2416 529 2464; x_wconf 86' lang='lat' dir='ltr'>ioco:</span> <span class='ocrx_word' id='word_1_136' title='bbox 556 2415 656 2464; x_wconf 76' lang='lat' dir='ltr'>‘homi</span> <span class='ocrx_word' id='word_1_137' title='bbox 695 2413 773 2471; x_wconf 85' lang='lat' dir='ltr'>Item,</span> <span class='ocrx_word' id='word_1_138' title='bbox 791 2415 873 2465; x_wconf 79' lang='lat' dir='ltr'>‘Mitti</span> <span class='ocrx_word' id='word_1_139' title='bbox 892 2416 960 2478; x_wconf 75' lang='lat' dir='ltr'>epod</span> <span class='ocrx_word' id='word_1_140' title='bbox 981 2431 1027 2465; x_wconf 80' lang='lat' dir='ltr'>vos</span> <span class='ocrx_word' id='word_1_141' title='bbox 1045 2415 1077 2464; x_wconf 86' lang='lat' dir='ltr'>de</span> <span class='ocrx_word' id='word_1_142' title='bbox 1095 2417 1160 2465; x_wconf 87' lang='lat' dir='ltr'>meis</span> <span class='ocrx_word' id='word_1_143' title='bbox 1172 2432 1225 2467; x_wconf 86' lang='lat' dir='ltr'>sne·</span> 
     </span>
     <span class='ocr_line' id='line_1_16' title="bbox 128 2489 1225 2560; baseline 0.005 -25"><span class='ocrx_word' id='word_1_144' title='bbox 128 2491 205 2536; x_wconf 86' lang='lat' dir='ltr'>nem’</span> <span class='ocrx_word' id='word_1_145' title='bbox 234 2490 302 2537; x_wconf 86' lang='lat' dir='ltr'>enirn</span> <span class='ocrx_word' id='word_1_146' title='bbox 323 2490 457 2540; x_wconf 83' lang='lat' dir='ltr'>‘novom&#39;</span> <span class='ocrx_word' id='word_1_147' title='bbox 483 2491 513 2540; x_wconf 81' lang='lat' dir='ltr'>L.</span> <span class='ocrx_word' id='word_1_148' title='bbox 538 2491 656 2542; x_wconf 80' lang='lat' dir='ltr'>Sestium</span> <span class='ocrx_word' id='word_1_149' title='bbox 692 2490 795 2560; x_wconf 67' lang='lat' dir='ltr'>joriiono</span> <span class='ocrx_word' id='word_1_150' title='bbox 813 2491 916 2540; x_wconf 87' lang='lat' dir='ltr'>dicendi</span> <span class='ocrx_word' id='word_1_151' title='bbox 936 2489 1047 2541; x_wconf 84' lang='lat' dir='ltr'>frenitss</span> <span class='ocrx_word' id='word_1_152' title='bbox 1066 2506 1117 2542; x_wconf 91' lang='lat' dir='ltr'>non</span> <span class='ocrx_word' id='word_1_153' title='bbox 1138 2493 1225 2555; x_wconf 79' lang='lat' dir='ltr'>detor,</span> 
     </span>
     <span class='ocr_line' id='line_1_17' title="bbox 128 2564 1225 2631; baseline 0.005 -21"><span class='ocrx_word' id='word_1_154' title='bbox 128 2564 258 2624; x_wconf 86' lang='lat' dir='ltr'>plebeium</span> <span class='ocrx_word' id='word_1_155' title='bbox 271 2573 355 2620; x_wconf 82' lang='lat' dir='ltr'>voest,</span> <span class='ocrx_word' id='word_1_156' title='bbox 371 2567 414 2628; x_wconf 85' lang='lat' dir='ltr'>qni</span> <span class='ocrx_word' id='word_1_157' title='bbox 431 2567 558 2629; x_wconf 83' lang='lat' dir='ltr'>primore</span> <span class='ocrx_word' id='word_1_158' title='bbox 575 2574 655 2630; x_wconf 70' lang='lat' dir='ltr'>gente</span> <span class='ocrx_word' id='word_1_159' title='bbox 695 2579 747 2614; x_wconf 87' lang='lat' dir='ltr'>noo</span> <span class='ocrx_word' id='word_1_160' title='bbox 765 2565 833 2630; x_wconf 82' lang='lat' dir='ltr'>qood</span> <span class='ocrx_word' id='word_1_161' title='bbox 850 2581 902 2616; x_wconf 89' lang='lat' dir='ltr'>non</span> <span class='ocrx_word' id='word_1_162' title='bbox 918 2568 985 2616; x_wconf 86' lang='lat' dir='ltr'>tsles</span> <span class='ocrx_word' id='word_1_163' title='bbox 1004 2566 1112 2624; x_wconf 82' lang='lat' dir='ltr'>suerint,</span> <span class='ocrx_word' id='word_1_164' title='bbox 1136 2569 1225 2631; x_wconf 85' lang='lat' dir='ltr'>qnsles</span> 
     </span>
     <span class='ocr_line' id='line_1_18' title="bbox 128 2641 1227 2707; baseline 0.006 -22"><span class='ocrx_word' id='word_1_165' title='bbox 128 2653 173 2686; x_wconf 86' lang='lat' dir='ltr'>sos</span> <span class='ocrx_word' id='word_1_166' title='bbox 184 2641 297 2689; x_wconf 77' lang='lat' dir='ltr'>cornicor</span> <span class='ocrx_word' id='word_1_167' title='bbox 307 2642 486 2704; x_wconf 76' lang='lat' dir='ltr'>megistrstnor</span> <span class='ocrx_word' id='word_1_168' title='bbox 497 2643 656 2693; x_wconf 75' lang='lat' dir='ltr'>consolatum</span> <span class='ocrx_word' id='word_1_169' title='bbox 696 2655 743 2691; x_wconf 87' lang='lat' dir='ltr'>nos</span> <span class='ocrx_word' id='word_1_170' title='bbox 754 2642 856 2692; x_wconf 81' lang='lat' dir='ltr'>tttorom</span> <span class='ocrx_word' id='word_1_171' title='bbox 867 2645 990 2705; x_wconf 68' lang='lat' dir='ltr'>sangnine</span> <span class='ocrx_word' id='word_1_172' title='bbox 1001 2651 1103 2693; x_wconf 74' lang='lat' dir='ltr'>creatos</span> <span class='ocrx_word' id='word_1_173' title='bbox 1114 2644 1227 2707; x_wconf 72' lang='lat' dir='ltr'>discipti-</span> 
     </span>
     <span class='ocr_line' id='line_1_19' title="bbox 127 2717 1224 2783; baseline 0.006 -22"><span class='ocrx_word' id='word_1_174' title='bbox 127 2718 237 2777; x_wconf 80' lang='lat' dir='ltr'>ooperit.</span> <span class='ocrx_word' id='word_1_175' title='bbox 272 2717 396 2768; x_wconf 84' lang='lat' dir='ltr'>‘Novis&#39;</span> <span class='ocrx_word' id='word_1_176' title='bbox 419 2728 506 2769; x_wconf 85' lang='lat' dir='ltr'>sutem</span> <span class='ocrx_word' id='word_1_177' title='bbox 531 2719 656 2769; x_wconf 83' lang='lat' dir='ltr'>‘immini-</span> <span class='ocrx_word' id='word_1_178' title='bbox 696 2719 787 2782; x_wconf 84' lang='lat' dir='ltr'>nirqne</span> <span class='ocrx_word' id='word_1_179' title='bbox 804 2718 937 2768; x_wconf 86' lang='lat' dir='ltr'>institutos</span> <span class='ocrx_word' id='word_1_180' title='bbox 956 2719 1059 2782; x_wconf 81' lang='lat' dir='ltr'>ridetis,</span> <span class='ocrx_word' id='word_1_181' title='bbox 1080 2719 1125 2769; x_wconf 85' lang='lat' dir='ltr'>sed</span> <span class='ocrx_word' id='word_1_182' title='bbox 1154 2720 1224 2783; x_wconf 83' lang='lat' dir='ltr'>qood</span> 
     </span>
     <span class='ocr_line' id='line_1_20' title="bbox 127 2791 1225 2857; baseline 0.003 -17"><span class='ocrx_word' id='word_1_183' title='bbox 127 2791 193 2847; x_wconf 62' lang='lat' dir='ltr'>bos:</span> <span class='ocrx_word' id='word_1_184' title='bbox 211 2792 344 2843; x_wconf 78' lang='lat' dir='ltr'>‘nobiles’</span> <span class='ocrx_word' id='word_1_185' title='bbox 361 2800 538 2855; x_wconf 81' lang='lat' dir='ltr'>opponuntur,</span> <span class='ocrx_word' id='word_1_186' title='bbox 549 2802 577 2843; x_wconf 87' lang='lat' dir='ltr'>et</span> <span class='ocrx_word' id='word_1_187' title='bbox 594 2800 657 2844; x_wconf 79' lang='lat' dir='ltr'>‘no-</span> <span class='ocrx_word' id='word_1_188' title='bbox 698 2792 775 2842; x_wconf 85' lang='lat' dir='ltr'>isnde</span> <span class='ocrx_word' id='word_1_189' title='bbox 792 2795 908 2857; x_wconf 78' lang='lat' dir='ltr'>populari</span> <span class='ocrx_word' id='word_1_190' title='bbox 921 2801 1000 2857; x_wconf 80' lang='lat' dir='ltr'>etque</span> <span class='ocrx_word' id='word_1_191' title='bbox 1020 2795 1124 2843; x_wconf 86' lang='lat' dir='ltr'>itonoris</span> <span class='ocrx_word' id='word_1_192' title='bbox 1144 2794 1225 2843; x_wconf 82' lang='lat' dir='ltr'>vestri</span> 
     </span>
     <span class='ocr_line' id='line_1_21' title="bbox 128 2867 1226 2931; baseline 0.005 -18"><span class='ocrx_word' id='word_1_193' title='bbox 128 2868 221 2917; x_wconf 82' lang='lat' dir='ltr'>ritati&#39;</span> <span class='ocrx_word' id='word_1_194' title='bbox 246 2867 405 2918; x_wconf 71' lang='lat' dir='ltr'>‘nobilitas&#39;</span> <span class='ocrx_word' id='word_1_195' title='bbox 437 2868 587 2919; x_wconf 77' lang='lat' dir='ltr'>‘Nobiles’</span> <span class='ocrx_word' id='word_1_196' title='bbox 611 2881 656 2916; x_wconf 83' lang='lat' dir='ltr'>so·</span> <span class='ocrx_word' id='word_1_197' title='bbox 696 2867 927 2917; x_wconf 84' lang='lat' dir='ltr'>inoecsrneront.&#39;</span> <span class='ocrx_word' id='word_1_198' title='bbox 960 2869 1226 2931; x_wconf 82' lang='lat' dir='ltr'>Itemosp.xxxv1.</span> 
     </span>
     <span class='ocr_line' id='line_1_22' title="bbox 129 2941 1225 3010; baseline 0.002 -18"><span class='ocrx_word' id='word_1_199' title='bbox 129 2956 181 2994; x_wconf 83' lang='lat' dir='ltr'>tent</span> <span class='ocrx_word' id='word_1_200' title='bbox 202 2946 219 2992; x_wconf 88' lang='lat' dir='ltr'>ii</span> <span class='ocrx_word' id='word_1_201' title='bbox 240 2946 313 2999; x_wconf 83' lang='lat' dir='ltr'>dicti,</span> <span class='ocrx_word' id='word_1_202' title='bbox 338 2945 381 3010; x_wconf 84' lang='lat' dir='ltr'>qni</span> <span class='ocrx_word' id='word_1_203' title='bbox 403 2942 530 3005; x_wconf 80' lang='lat' dir='ltr'>mojorem</span> <span class='ocrx_word' id='word_1_204' title='bbox 551 2956 656 2992; x_wconf 84' lang='lat' dir='ltr'>suorum</span> <span class='ocrx_word' id='word_1_205' title='bbox 695 2941 1015 3004; x_wconf 78' lang='lat' dir='ltr'>‘Quemadmodnm,onm</span> <span class='ocrx_word' id='word_1_206' title='bbox 1024 2943 1225 3008; x_wconf 57' lang='lat' dir='ltr'>peteo-mmout</span> 
     </span>
     <span class='ocr_line' id='line_1_23' title="bbox 128 3017 1224 3084; baseline 0.004 -17"><span class='ocrx_word' id='word_1_207' title='bbox 128 3021 223 3069; x_wconf 82' lang='lat' dir='ltr'>hebent</span> <span class='ocrx_word' id='word_1_208' title='bbox 242 3021 375 3084; x_wconf 73' lang='lat' dir='ltr'>imagines.</span> <span class='ocrx_word' id='word_1_209' title='bbox 418 3019 548 3082; x_wconf 70' lang='lat' dir='ltr'>Imagines</span> <span class='ocrx_word' id='word_1_210' title='bbox 569 3029 656 3069; x_wconf 85' lang='lat' dir='ltr'>eotern</span> <span class='ocrx_word' id='word_1_211' title='bbox 696 3017 822 3067; x_wconf 84' lang='lat' dir='ltr'>merobis</span> <span class='ocrx_word' id='word_1_212' title='bbox 840 3025 958 3069; x_wconf 81' lang='lat' dir='ltr'>suctores</span> <span class='ocrx_word' id='word_1_213' title='bbox 972 3021 1074 3083; x_wconf 70' lang='lat' dir='ltr'>generis</span> <span class='ocrx_word' id='word_1_214' title='bbox 1088 3021 1138 3069; x_wconf 88' lang='lat' dir='ltr'>mei</span> <span class='ocrx_word' id='word_1_215' title='bbox 1154 3035 1224 3071; x_wconf 82' lang='lat' dir='ltr'>root·</span> 
     </span>
     <span class='ocr_line' id='line_1_24' title="bbox 127 3091 1225 3161; baseline 0.005 -20"><span class='ocrx_word' id='word_1_216' title='bbox 127 3096 175 3142; x_wconf 86' lang='lat' dir='ltr'>sibi</span> <span class='ocrx_word' id='word_1_217' title='bbox 188 3111 288 3145; x_wconf 83' lang='lat' dir='ltr'>rnrnere</span> <span class='ocrx_word' id='word_1_218' title='bbox 304 3111 335 3145; x_wconf 83' lang='lat' dir='ltr'>oo</span> <span class='ocrx_word' id='word_1_219' title='bbox 354 3096 464 3158; x_wconf 78' lang='lat' dir='ltr'>posteris</span> <span class='ocrx_word' id='word_1_220' title='bbox 482 3095 584 3145; x_wconf 82' lang='lat' dir='ltr'>tredere</span> <span class='ocrx_word' id='word_1_221' title='bbox 604 3109 656 3145; x_wconf 88' lang='lat' dir='ltr'>oon</span> <span class='ocrx_word' id='word_1_222' title='bbox 696 3091 868 3142; x_wconf 83' lang='lat' dir='ltr'>mendernnt:</span> <span class='ocrx_word' id='word_1_223' title='bbox 896 3095 944 3158; x_wconf 86' lang='lat' dir='ltr'>sio,</span> <span class='ocrx_word' id='word_1_224' title='bbox 956 3095 978 3145; x_wconf 87' lang='lat' dir='ltr'>si</span> <span class='ocrx_word' id='word_1_225' title='bbox 998 3094 1060 3160; x_wconf 78' lang='lat' dir='ltr'>qnid</span> <span class='ocrx_word' id='word_1_226' title='bbox 1080 3094 1225 3161; x_wconf 75' lang='lat' dir='ltr'>deliquero,</span> 
     </span>
     <span class='ocr_line' id='line_1_25' title="bbox 129 3170 1225 3236; baseline 0.005 -19"><span class='ocrx_word' id='word_1_227' title='bbox 129 3179 247 3230; x_wconf 84' lang='lat' dir='ltr'>possunt,</span> <span class='ocrx_word' id='word_1_228' title='bbox 258 3170 307 3218; x_wconf 86' lang='lat' dir='ltr'>nisi</span> <span class='ocrx_word' id='word_1_229' title='bbox 325 3171 369 3236; x_wconf 87' lang='lat' dir='ltr'>qni</span> <span class='ocrx_word' id='word_1_230' title='bbox 389 3171 502 3219; x_wconf 82' lang='lat' dir='ltr'>corniesn</span> <span class='ocrx_word' id='word_1_231' title='bbox 520 3171 655 3234; x_wconf 76' lang='lat' dir='ltr'>megistre·</span> <span class='ocrx_word' id='word_1_232' title='bbox 695 3170 774 3218; x_wconf 80' lang='lat' dir='ltr'>nolite</span> <span class='ocrx_word' id='word_1_233' title='bbox 784 3176 846 3218; x_wconf 87' lang='lat' dir='ltr'>sont</span> <span class='ocrx_word' id='word_1_234' title='bbox 854 3170 988 3234; x_wconf 75' lang='lat' dir='ltr'>imagines,</span> <span class='ocrx_word' id='word_1_235' title='bbox 1007 3186 1067 3236; x_wconf 82' lang='lat' dir='ltr'>qnos</span> <span class='ocrx_word' id='word_1_236' title='bbox 1077 3186 1140 3222; x_wconf 82' lang='lat' dir='ltr'>tneo</span> <span class='ocrx_word' id='word_1_237' title='bbox 1152 3173 1225 3223; x_wconf 85' lang='lat' dir='ltr'>robis</span> 
     </span>
     <span class='ocr_line' id='line_1_26' title="bbox 129 3245 1223 3310; baseline 0.005 -17"><span class='ocrx_word' id='word_1_238' title='bbox 129 3253 182 3293; x_wconf 86' lang='lat' dir='ltr'>torn</span> <span class='ocrx_word' id='word_1_239' title='bbox 195 3253 340 3309; x_wconf 72' lang='lat' dir='ltr'>gesserunt,</span> <span class='ocrx_word' id='word_1_240' title='bbox 359 3258 465 3310; x_wconf 77' lang='lat' dir='ltr'>qnorum</span> <span class='ocrx_word' id='word_1_241' title='bbox 483 3247 580 3310; x_wconf 78' lang='lat' dir='ltr'>primos</span> <span class='ocrx_word' id='word_1_242' title='bbox 597 3253 655 3297; x_wconf 82' lang='lat' dir='ltr'>eret</span> <span class='ocrx_word' id='word_1_243' title='bbox 696 3245 889 3310; x_wconf 63' lang='lat' dir='ltr'>deprecentur:</span> <span class='ocrx_word' id='word_1_244' title='bbox 922 3247 957 3296; x_wconf 84' lang='lat' dir='ltr'>Et</span> <span class='ocrx_word' id='word_1_245' title='bbox 976 3248 1005 3296; x_wconf 93' lang='lat' dir='ltr'>in</span> <span class='ocrx_word' id='word_1_246' title='bbox 1022 3247 1145 3297; x_wconf 75' lang='lat' dir='ltr'>Pisonem</span> <span class='ocrx_word' id='word_1_247' title='bbox 1164 3261 1188 3297; x_wconf 87' lang='grc' dir='ltr'>ο.</span> <span class='ocrx_word' id='word_1_248' title='bbox 1201 3252 1223 3300; x_wconf 88' lang='grc'>1.</span> 
     </span>
     <span class='ocr_line' id='line_1_27' title="bbox 127 3320 1225 3388; baseline 0.005 -20"><span class='ocrx_word' id='word_1_249' title='bbox 127 3320 247 3369; x_wconf 76' lang='lat' dir='ltr'>editites.</span> <span class='ocrx_word' id='word_1_250' title='bbox 279 3321 331 3373; x_wconf 80' lang='lat' dir='ltr'>Qui</span> <span class='ocrx_word' id='word_1_251' title='bbox 350 3320 514 3382; x_wconf 74' lang='lat' dir='ltr'>magistratus</span> <span class='ocrx_word' id='word_1_252' title='bbox 536 3323 656 3386; x_wconf 76' lang='lat' dir='ltr'>qnoniam</span> <span class='ocrx_word' id='word_1_253' title='bbox 694 3322 915 3374; x_wconf 75' lang='lat' dir='ltr'>‘Commendatio</span> <span class='ocrx_word' id='word_1_254' title='bbox 945 3322 1103 3373; x_wconf 79' lang='lat' dir='ltr'>fumosorum</span> <span class='ocrx_word' id='word_1_255' title='bbox 1134 3323 1225 3388; x_wconf 72' lang='lat' dir='ltr'>integi·</span> 
     </span>
     <span class='ocr_line' id='line_1_28' title="bbox 128 3397 1227 3461; baseline 0.006 -18"><span class='ocrx_word' id='word_1_256' title='bbox 128 3398 188 3445; x_wconf 86' lang='lat' dir='ltr'>sotis</span> <span class='ocrx_word' id='word_1_257' title='bbox 201 3397 318 3460; x_wconf 70' lang='lat' dir='ltr'>patriciis</span> <span class='ocrx_word' id='word_1_258' title='bbox 335 3397 445 3461; x_wconf 77' lang='lat' dir='ltr'>primunr</span> <span class='ocrx_word' id='word_1_259' title='bbox 456 3406 607 3461; x_wconf 84' lang='lat' dir='ltr'>potuerunt,</span> <span class='ocrx_word' id='word_1_260' title='bbox 617 3399 655 3448; x_wconf 83' lang='lat' dir='ltr'>id·</span> <span class='ocrx_word' id='word_1_261' title='bbox 695 3399 772 3448; x_wconf 77' lang='lat' dir='ltr'>nono-¹</span> <span class='ocrx_word' id='word_1_262' title='bbox 805 3401 839 3449; x_wconf 82' lang='lat' dir='ltr'>Et</span> <span class='ocrx_word' id='word_1_263' title='bbox 851 3399 939 3450; x_wconf 81' lang='lat' dir='ltr'>Lirins</span> <span class='ocrx_word' id='word_1_264' title='bbox 952 3415 970 3450; x_wconf 87' lang='lat' dir='ltr'>r.</span> <span class='ocrx_word' id='word_1_265' title='bbox 980 3403 1022 3450; x_wconf 83' lang='lat' dir='ltr'>tt.</span> <span class='ocrx_word' id='word_1_266' title='bbox 1039 3400 1144 3450; x_wconf 81' lang='lat' dir='ltr'>‘Annos</span> <span class='ocrx_word' id='word_1_267' title='bbox 1153 3401 1227 3450; x_wconf 85' lang='lat' dir='ltr'>Mor·</span> 
     </span>
     <span class='ocr_line' id='line_1_29' title="bbox 128 3473 1224 3540; baseline 0.006 -20"><span class='ocrx_word' id='word_1_268' title='bbox 128 3473 654 3540; x_wconf 80' lang='lat' dir='ltr'>rircosotipetriciinobitespsinrumop·</span> <span class='ocrx_word' id='word_1_269' title='bbox 696 3475 750 3525; x_wconf 84' lang='lat' dir='ltr'>eins</span> <span class='ocrx_word' id='word_1_270' title='bbox 761 3476 852 3526; x_wconf 87' lang='lat' dir='ltr'>nobilis</span> <span class='ocrx_word' id='word_1_271' title='bbox 863 3491 915 3526; x_wconf 84' lang='lat' dir='ltr'>nno</span> <span class='ocrx_word' id='word_1_272' title='bbox 924 3477 1037 3539; x_wconf 64' lang='lat' dir='ltr'>inregine</span> <span class='ocrx_word' id='word_1_273' title='bbox 1048 3476 1161 3528; x_wconf 55' lang='grc' dir='ltr'>Ναυῆ]</span> <span class='ocrx_word' id='word_1_274' title='bbox 1189 3478 1224 3527; x_wconf 84' lang='lat' dir='ltr'>Et</span> 
     </span>
     <span class='ocr_line' id='line_1_30' title="bbox 128 3549 1224 3617; baseline 0.006 -20"><span class='ocrx_word' id='word_1_275' title='bbox 128 3549 226 3610; x_wconf 81' lang='lat' dir='ltr'>petisti.</span> <span class='ocrx_word' id='word_1_276' title='bbox 246 3549 296 3599; x_wconf 84' lang='lat' dir='ltr'>Ubi</span> <span class='ocrx_word' id='word_1_277' title='bbox 306 3565 367 3599; x_wconf 75' lang='lat' dir='ltr'>vero</span> <span class='ocrx_word' id='word_1_278' title='bbox 378 3551 448 3614; x_wconf 82' lang='lat' dir='ltr'>plebi</span> <span class='ocrx_word' id='word_1_279' title='bbox 458 3551 566 3601; x_wconf 81' lang='lat' dir='ltr'>honores</span> <span class='ocrx_word' id='word_1_280' title='bbox 577 3552 655 3602; x_wconf 84' lang='lat' dir='ltr'>etism</span> <span class='ocrx_word' id='word_1_281' title='bbox 694 3554 833 3603; x_wconf 71' lang='lat' dir='ltr'>Pedianus</span> <span class='ocrx_word' id='word_1_282' title='bbox 844 3554 870 3603; x_wconf 87' lang='lat' dir='ltr'>in</span> <span class='ocrx_word' id='word_1_283' title='bbox 882 3554 1009 3605; x_wconf 75' lang='lat' dir='ltr'>Oratione</span> <span class='ocrx_word' id='word_1_284' title='bbox 1021 3555 1046 3603; x_wconf 92' lang='lat' dir='ltr'>in</span> <span class='ocrx_word' id='word_1_285' title='bbox 1058 3553 1149 3617; x_wconf 79' lang='lat' dir='ltr'>Toge:</span> <span class='ocrx_word' id='word_1_286' title='bbox 1165 3553 1224 3604; x_wconf 80' lang='lat' dir='ltr'>‘ct-</span> 
     </span>
     <span class='ocr_line' id='line_1_31' title="bbox 129 3627 1225 3693; baseline 0.007 -20"><span class='ocrx_word' id='word_1_287' title='bbox 129 3627 231 3675; x_wconf 84' lang='lat' dir='ltr'>eurntes</span> <span class='ocrx_word' id='word_1_288' title='bbox 242 3633 302 3675; x_wconf 88' lang='lat' dir='ltr'>sunt</span> <span class='ocrx_word' id='word_1_289' title='bbox 318 3627 510 3687; x_wconf 78' lang='lat' dir='ltr'>communicen,</span> <span class='ocrx_word' id='word_1_290' title='bbox 530 3634 583 3676; x_wconf 87' lang='lat' dir='ltr'>tunt</span> <span class='ocrx_word' id='word_1_291' title='bbox 602 3628 655 3690; x_wconf 82' lang='lat' dir='ltr'>pie-</span> <span class='ocrx_word' id='word_1_292' title='bbox 695 3642 756 3677; x_wconf 85' lang='lat' dir='ltr'>eero</span> <span class='ocrx_word' id='word_1_293' title='bbox 775 3628 960 3692; x_wconf 70' lang='lat' dir='ltr'>competitores</span> <span class='ocrx_word' id='word_1_294' title='bbox 978 3635 1091 3693; x_wconf 87' lang='lat' dir='ltr'>qnotnor</span> <span class='ocrx_word' id='word_1_295' title='bbox 1109 3628 1225 3691; x_wconf 83' lang='lat' dir='ltr'>plebeios</span> 
     </span>
     <span class='ocr_line' id='line_1_32' title="bbox 128 3700 1223 3768; baseline 0.004 -19"><span class='ocrx_word' id='word_1_296' title='bbox 128 3700 179 3749; x_wconf 90' lang='lat' dir='ltr'>beii</span> <span class='ocrx_word' id='word_1_297' title='bbox 193 3702 270 3750; x_wconf 80' lang='lat' dir='ltr'>etism</span> <span class='ocrx_word' id='word_1_298' title='bbox 282 3703 290 3729; x_wconf 89' lang='lat'>‘</span> <span class='ocrx_word' id='word_1_299' title='bbox 298 3701 414 3750; x_wconf 85' lang='lat' dir='ltr'>nobiles&#39;</span> <span class='ocrx_word' id='word_1_300' title='bbox 430 3701 552 3751; x_wconf 73' lang='lat' dir='ltr'>nominati</span> <span class='ocrx_word' id='word_1_301' title='bbox 569 3702 598 3766; x_wconf 85' lang='lat' dir='ltr'>ii,</span> <span class='ocrx_word' id='word_1_302' title='bbox 612 3703 655 3768; x_wconf 86' lang='lat' dir='ltr'>qni</span> <span class='ocrx_word' id='word_1_303' title='bbox 695 3701 795 3764; x_wconf 84' lang='lat' dir='ltr'>isrboit,</span> <span class='ocrx_word' id='word_1_304' title='bbox 809 3702 945 3766; x_wconf 83' lang='lat' dir='ltr'>exquibus</span> <span class='ocrx_word' id='word_1_305' title='bbox 961 3702 1012 3751; x_wconf 85' lang='lat' dir='ltr'>dno</span> <span class='ocrx_word' id='word_1_306' title='bbox 1028 3703 1138 3766; x_wconf 84' lang='lat' dir='ltr'>nobiles,</span> <span class='ocrx_word' id='word_1_307' title='bbox 1150 3703 1223 3759; x_wconf 82' lang='lat' dir='ltr'>duos,</span> 
     </span>
     <span class='ocr_line' id='line_1_33' title="bbox 128 3776 1224 3843; baseline 0.001 -18"><span class='ocrx_word' id='word_1_308' title='bbox 128 3778 255 3840; x_wconf 81' lang='lat' dir='ltr'>majorum</span> <span class='ocrx_word' id='word_1_309' title='bbox 268 3791 369 3826; x_wconf 87' lang='lat' dir='ltr'>suornm</span> <span class='ocrx_word' id='word_1_310' title='bbox 382 3777 506 3840; x_wconf 74' lang='lat' dir='ltr'>imagines</span> <span class='ocrx_word' id='word_1_311' title='bbox 517 3776 655 3828; x_wconf 82' lang='lat' dir='ltr'>heberent.</span> <span class='ocrx_word' id='word_1_312' title='bbox 696 3778 739 3843; x_wconf 87' lang='lat' dir='ltr'>qni</span> <span class='ocrx_word' id='word_1_313' title='bbox 751 3785 851 3828; x_wconf 81' lang='lat' dir='ltr'>tentoni</span> <span class='ocrx_word' id='word_1_314' title='bbox 862 3791 912 3827; x_wconf 89' lang='lat' dir='ltr'>non</span> <span class='ocrx_word' id='word_1_315' title='bbox 925 3778 1001 3840; x_wconf 79' lang='lat' dir='ltr'>primi</span> <span class='ocrx_word' id='word_1_316' title='bbox 1011 3793 1045 3828; x_wconf 84' lang='lat' dir='ltr'>ex</span> <span class='ocrx_word' id='word_1_317' title='bbox 1058 3776 1161 3827; x_wconf 73' lang='lat' dir='ltr'>familiis</span> <span class='ocrx_word' id='word_1_318' title='bbox 1170 3780 1224 3828; x_wconf 88' lang='lat' dir='ltr'>suis</span> 
     </span>
     <span class='ocr_line' id='line_1_34' title="bbox 128 3843 1224 3917; baseline 0.002 -16"><span class='ocrx_word' id='word_1_319' title='bbox 128 3852 175 3902; x_wconf 82' lang='lat' dir='ltr'>Est</span> <span class='ocrx_word' id='word_1_320' title='bbox 194 3861 281 3902; x_wconf 85' lang='lat' dir='ltr'>autem</span> <span class='ocrx_word' id='word_1_321' title='bbox 300 3843 395 3915; x_wconf 66' lang='lat' dir='ltr'>inrogo}</span> <span class='ocrx_word' id='word_1_322' title='bbox 417 3860 523 3902; x_wconf 76' lang='lat' dir='ltr'>sectore</span> <span class='ocrx_word' id='word_1_323' title='bbox 545 3852 656 3917; x_wconf 76' lang='lat' dir='ltr'>Polybio</span> <span class='ocrx_word' id='word_1_324' title='bbox 695 3853 873 3915; x_wconf 73' lang='lat' dir='ltr'>megistrstum</span> <span class='ocrx_word' id='word_1_325' title='bbox 885 3849 1071 3914; x_wconf 58' lang='lat' dir='ltr'>edentiessntss</span> <span class='ocrx_word' id='word_1_326' title='bbox 1089 3852 1224 3903; x_wconf 82' lang='lat' dir='ltr'>EtLiritrs</span> 
     </span>
     <span class='ocr_line' id='line_1_35' title="bbox 128 3925 1222 3989; baseline 0.001 -13"><span class='ocrx_word' id='word_1_327' title='bbox 128 3941 168 3977; x_wconf 79' lang='lat' dir='ltr'>vr.</span> <span class='ocrx_word' id='word_1_328' title='bbox 180 3935 220 3978; x_wconf 77' lang='lat' dir='ltr'>ot.</span> <span class='ocrx_word' id='word_1_329' title='bbox 237 3929 425 3989; x_wconf 57' lang='lat' dir='ltr'>‘simulacrum</span> <span class='ocrx_word' id='word_1_330' title='bbox 436 3929 488 3979; x_wconf 91' lang='lat' dir='ltr'>oris</span> <span class='ocrx_word' id='word_1_331' title='bbox 508 3929 655 3980; x_wconf 80' lang='lat' dir='ltr'>similitudi·</span> <span class='ocrx_word' id='word_1_332' title='bbox 696 3943 770 3980; x_wconf 84' lang='lat' dir='ltr'>mr.</span> <span class='ocrx_word' id='word_1_333' title='bbox 781 3932 822 3978; x_wconf 77' lang='lat' dir='ltr'>ot.</span> <span class='ocrx_word' id='word_1_334' title='bbox 847 3926 922 3977; x_wconf 85' lang='lat' dir='ltr'>‘Neo</span> <span class='ocrx_word' id='word_1_335' title='bbox 933 3925 1010 3976; x_wconf 83' lang='lat' dir='ltr'>finem</span> <span class='ocrx_word' id='word_1_336' title='bbox 1030 3933 1090 3976; x_wconf 81' lang='lat' dir='ltr'>onte</span> <span class='ocrx_word' id='word_1_337' title='bbox 1104 3927 1167 3981; x_wconf 81' lang='lat' dir='ltr'>betti</span> <span class='ocrx_word' id='word_1_338' title='bbox 1177 3929 1222 3978; x_wconf 82' lang='lat' dir='ltr'>its·</span> 
     </span>
     <span class='ocr_line' id='line_1_36' title="bbox 128 4003 1222 4070; baseline 0 -17"><span class='ocrx_word' id='word_1_339' title='bbox 128 4019 187 4053; x_wconf 85' lang='lat' dir='ltr'>neor</span> <span class='ocrx_word' id='word_1_340' title='bbox 200 4003 299 4055; x_wconf 79' lang='lat' dir='ltr'>sffabre</span> <span class='ocrx_word' id='word_1_341' title='bbox 321 4005 436 4070; x_wconf 87' lang='lat' dir='ltr'>miroque</span> <span class='ocrx_word' id='word_1_342' title='bbox 457 4003 568 4055; x_wconf 75' lang='lat' dir='ltr'>artificio</span> <span class='ocrx_word' id='word_1_343' title='bbox 584 4004 655 4055; x_wconf 81' lang='lat' dir='ltr'>effic·</span> <span class='ocrx_word' id='word_1_344' title='bbox 695 4006 806 4068; x_wconf 87' lang='lat' dir='ltr'>bitoros,</span> <span class='ocrx_word' id='word_1_345' title='bbox 832 4018 909 4069; x_wconf 79' lang='lat' dir='ltr'>qoem</span> <span class='ocrx_word' id='word_1_346' title='bbox 931 4004 1061 4054; x_wconf 86' lang='lat' dir='ltr'>oonssiem</span> <span class='ocrx_word' id='word_1_347' title='bbox 1083 4017 1143 4054; x_wconf 80' lang='lat' dir='ltr'>rere</span> <span class='ocrx_word' id='word_1_348' title='bbox 1168 4004 1222 4068; x_wconf 79' lang='lat' dir='ltr'>pie·</span> 
     </span>
     <span class='ocr_line' id='line_1_37' title="bbox 128 4077 1223 4146; baseline 0.005 -20"><span class='ocrx_word' id='word_1_349' title='bbox 128 4086 180 4127; x_wconf 81' lang='lat' dir='ltr'>teto</span> <span class='ocrx_word' id='word_1_350' title='bbox 195 4080 332 4141; x_wconf 83' lang='lat' dir='ltr'>coloribus,</span> <span class='ocrx_word' id='word_1_351' title='bbox 355 4081 547 4146; x_wconf 68' lang='lat' dir='ltr'>pigmentisqns</span> <span class='ocrx_word' id='word_1_352' title='bbox 566 4080 655 4130; x_wconf 88' lang='lat' dir='ltr'>odom·</span> <span class='ocrx_word' id='word_1_353' title='bbox 695 4082 793 4141; x_wconf 75' lang='lat' dir='ltr'>beiom,</span> <span class='ocrx_word' id='word_1_354' title='bbox 813 4080 942 4130; x_wconf 82' lang='lat' dir='ltr'>hominem</span> <span class='ocrx_word' id='word_1_355' title='bbox 963 4092 1067 4133; x_wconf 81' lang='lat' dir='ltr'>norom,</span> <span class='ocrx_word' id='word_1_356' title='bbox 1090 4077 1223 4131; x_wconf 79' lang='lat' dir='ltr'>fecissent.</span> 
     </span>
     <span class='ocr_line' id='line_1_38' title="bbox 126 4153 1224 4221; baseline 0.003 -19"><span class='ocrx_word' id='word_1_357' title='bbox 126 4153 225 4203; x_wconf 80' lang='lat' dir='ltr'>hrotam</span> <span class='ocrx_word' id='word_1_358' title='bbox 234 4154 360 4216; x_wconf 82' lang='lat' dir='ltr'>referens,</span> <span class='ocrx_word' id='word_1_359' title='bbox 367 4171 442 4220; x_wconf 85' lang='lat' dir='ltr'>qtrsm</span> <span class='ocrx_word' id='word_1_360' title='bbox 452 4158 478 4207; x_wconf 90' lang='lat' dir='ltr'>in</span> <span class='ocrx_word' id='word_1_361' title='bbox 485 4157 618 4221; x_wconf 69' lang='lat' dir='ltr'>insigniori</span> <span class='ocrx_word' id='word_1_362' title='bbox 626 4172 657 4208; x_wconf 81' lang='lat' dir='ltr'>oe</span> <span class='ocrx_word' id='word_1_363' title='bbox 697 4159 767 4209; x_wconf 87' lang='lat' dir='ltr'>Nem</span> <span class='ocrx_word' id='word_1_364' title='bbox 778 4156 895 4221; x_wconf 80' lang='lat' dir='ltr'>plebeios</span> <span class='ocrx_word' id='word_1_365' title='bbox 906 4155 1006 4206; x_wconf 83' lang='lat' dir='ltr'>nobiles</span> <span class='ocrx_word' id='word_1_366' title='bbox 1014 4155 1070 4220; x_wconf 82' lang='lat' dir='ltr'>jem</span> <span class='ocrx_word' id='word_1_367' title='bbox 1077 4155 1166 4206; x_wconf 82' lang='lat' dir='ltr'>iisdem</span> <span class='ocrx_word' id='word_1_368' title='bbox 1176 4157 1224 4205; x_wconf 85' lang='lat' dir='ltr'>ini·</span> 
     </span>
     <span class='ocr_line' id='line_1_39' title="bbox 128 4229 1223 4294; baseline 0.002 -16"><span class='ocrx_word' id='word_1_369' title='bbox 128 4229 267 4278; x_wconf 83' lang='lat' dir='ltr'>oeiebriori</span> <span class='ocrx_word' id='word_1_370' title='bbox 286 4230 377 4278; x_wconf 86' lang='lat' dir='ltr'>dornns</span> <span class='ocrx_word' id='word_1_371' title='bbox 389 4239 462 4294; x_wconf 77' lang='lat' dir='ltr'>perte</span> <span class='ocrx_word' id='word_1_372' title='bbox 473 4233 655 4284; x_wconf 65' lang='lat' dir='ltr'>coiloesbont!</span> <span class='ocrx_word' id='word_1_373' title='bbox 696 4235 774 4285; x_wconf 83' lang='lat' dir='ltr'>tiotos</span> <span class='ocrx_word' id='word_1_374' title='bbox 784 4246 841 4284; x_wconf 86' lang='lat' dir='ltr'>esse</span> <span class='ocrx_word' id='word_1_375' title='bbox 851 4232 941 4292; x_wconf 85' lang='lat' dir='ltr'>sscris,</span> <span class='ocrx_word' id='word_1_376' title='bbox 951 4237 978 4280; x_wconf 88' lang='lat' dir='ltr'>et</span> <span class='ocrx_word' id='word_1_377' title='bbox 993 4238 1158 4281; x_wconf 82' lang='lat' dir='ltr'>contemnere</span> <span class='ocrx_word' id='word_1_378' title='bbox 1169 4232 1223 4294; x_wconf 76' lang='lat' dir='ltr'>pis·</span> 
     </span>
     <span class='ocr_line' id='line_1_40' title="bbox 129 4305 1223 4375; baseline 0.001 -22"><span class='ocrx_word' id='word_1_379' title='bbox 129 4305 169 4354; x_wconf 89' lang='lat' dir='ltr'>De</span> <span class='ocrx_word' id='word_1_380' title='bbox 184 4307 244 4368; x_wconf 85' lang='lat' dir='ltr'>jore</span> <span class='ocrx_word' id='word_1_381' title='bbox 267 4314 353 4355; x_wconf 82' lang='lat' dir='ltr'>sutetn</span> <span class='ocrx_word' id='word_1_382' title='bbox 373 4308 547 4370; x_wconf 76' lang='lat' dir='ltr'>ponendorum</span> <span class='ocrx_word' id='word_1_383' title='bbox 566 4311 655 4375; x_wconf 69' lang='lat' dir='ltr'>inregi-</span> <span class='ocrx_word' id='word_1_384' title='bbox 695 4311 764 4366; x_wconf 83' lang='lat' dir='ltr'>bem,</span> <span class='ocrx_word' id='word_1_385' title='bbox 789 4323 822 4358; x_wconf 78' lang='lat' dir='ltr'>ss</span> <span class='ocrx_word' id='word_1_386' title='bbox 842 4323 894 4373; x_wconf 88' lang='lat' dir='ltr'>qno</span> <span class='ocrx_word' id='word_1_387' title='bbox 912 4308 1043 4358; x_wconf 84' lang='lat' dir='ltr'>contemni</span> <span class='ocrx_word' id='word_1_388' title='bbox 1063 4307 1188 4355; x_wconf 82' lang='lat' dir='ltr'>desierint</span> <span class='ocrx_word' id='word_1_389' title='bbox 1203 4320 1223 4372; x_wconf 46' lang='lat' dir='ltr'>,o</span> 
     </span>
     <span class='ocr_line' id='line_1_41' title="bbox 130 4380 1223 4445; baseline 0.001 -16"><span class='ocrx_word' id='word_1_390' title='bbox 130 4395 190 4429; x_wconf 85' lang='lat' dir='ltr'>nom</span> <span class='ocrx_word' id='word_1_391' title='bbox 212 4384 250 4431; x_wconf 85' lang='lat' dir='ltr'>oio</span> <span class='ocrx_word' id='word_1_392' title='bbox 272 4381 364 4431; x_wconf 85' lang='lat' dir='ltr'>Cicero</span> <span class='ocrx_word' id='word_1_393' title='bbox 387 4383 413 4430; x_wconf 86' lang='lat' dir='ltr'>in</span> <span class='ocrx_word' id='word_1_394' title='bbox 436 4383 546 4434; x_wconf 85' lang='lat' dir='ltr'>Verrem</span> <span class='ocrx_word' id='word_1_395' title='bbox 568 4399 595 4433; x_wconf 84' lang='lat' dir='ltr'>v.</span> <span class='ocrx_word' id='word_1_396' title='bbox 615 4389 654 4435; x_wconf 78' lang='lat' dir='ltr'>lo.</span> <span class='ocrx_word' id='word_1_397' title='bbox 695 4381 839 4436; x_wconf 85' lang='lat' dir='ltr'>Petribus.’</span> <span class='ocrx_word' id='word_1_398' title='bbox 854 4382 939 4445; x_wconf 71' lang='lat' dir='ltr'>Sigon.</span> <span class='ocrx_word' id='word_1_399' title='bbox 955 4383 1075 4432; x_wconf 83' lang='lat' dir='ltr'>Deisre</span> <span class='ocrx_word' id='word_1_400' title='bbox 1087 4380 1150 4429; x_wconf 78' lang='lat' dir='ltr'>iilud</span> <span class='ocrx_word' id='word_1_401' title='bbox 1167 4381 1223 4437; x_wconf 82' lang='lat' dir='ltr'>erit.</span> 
     </span>
     <span class='ocr_line' id='line_1_42' title="bbox 129 4457 1224 4524; baseline -0.004 -16"><span class='ocrx_word' id='word_1_402' title='bbox 129 4459 204 4521; x_wconf 78' lang='lat' dir='ltr'>‘Ego</span> <span class='ocrx_word' id='word_1_403' title='bbox 221 4474 261 4508; x_wconf 86' lang='lat' dir='ltr'>ros</span> <span class='ocrx_word' id='word_1_404' title='bbox 285 4458 319 4507; x_wconf 88' lang='lat' dir='ltr'>ob</span> <span class='ocrx_word' id='word_1_405' title='bbox 334 4457 485 4509; x_wconf 77' lang='lat' dir='ltr'>ediiitetent</span> <span class='ocrx_word' id='word_1_406' title='bbox 506 4460 567 4510; x_wconf 79' lang='lat' dir='ltr'>milti</span> <span class='ocrx_word' id='word_1_407' title='bbox 586 4460 656 4509; x_wconf 79' lang='lat' dir='ltr'>dele·</span> <span class='ocrx_word' id='word_1_408' title='bbox 696 4461 788 4524; x_wconf 82' lang='lat' dir='ltr'>siquos</span> <span class='ocrx_word' id='word_1_409' title='bbox 804 4459 867 4509; x_wconf 86' lang='lat' dir='ltr'>rniiri</span> <span class='ocrx_word' id='word_1_410' title='bbox 883 4460 909 4508; x_wconf 92' lang='lat' dir='ltr'>in</span> <span class='ocrx_word' id='word_1_411' title='bbox 922 4458 1022 4509; x_wconf 84' lang='lat' dir='ltr'>Lirinm</span> <span class='ocrx_word' id='word_1_412' title='bbox 1034 4463 1101 4505; x_wconf 89' lang='lat' dir='ltr'>esset</span> <span class='ocrx_word' id='word_1_413' title='bbox 1112 4457 1224 4505; x_wconf 86' lang='lat' dir='ltr'>suetori·</span> 
     </span>
     <span class='ocr_line' id='line_1_43' title="bbox 130 4530 1223 4600; baseline -0.001 -17"><span class='ocrx_word' id='word_1_414' title='bbox 130 4540 182 4583; x_wconf 86' lang='lat' dir='ltr'>tem</span> <span class='ocrx_word' id='word_1_415' title='bbox 195 4535 317 4598; x_wconf 73' lang='lat' dir='ltr'>adeptum</span> <span class='ocrx_word' id='word_1_416' title='bbox 330 4548 387 4582; x_wconf 87' lang='lat' dir='ltr'>esse</span> <span class='ocrx_word' id='word_1_417' title='bbox 401 4534 520 4598; x_wconf 63' lang='lat' dir='ltr'>intelligo</span> <span class='ocrx_word' id='word_1_418' title='bbox 529 4535 656 4600; x_wconf 84' lang='lat' dir='ltr'>sntiqnio·</span> <span class='ocrx_word' id='word_1_419' title='bbox 697 4544 747 4586; x_wconf 84' lang='lat' dir='ltr'>tes.</span> <span class='ocrx_word' id='word_1_420' title='bbox 780 4536 869 4587; x_wconf 81' lang='lat' dir='ltr'>Editio</span> <span class='ocrx_word' id='word_1_421' title='bbox 885 4542 958 4586; x_wconf 79' lang='lat' dir='ltr'>certe</span> <span class='ocrx_word' id='word_1_422' title='bbox 970 4533 1097 4583; x_wconf 84' lang='lat' dir='ltr'>remotior</span> <span class='ocrx_word' id='word_1_423' title='bbox 1114 4530 1223 4597; x_wconf 66' lang='lat' dir='ltr'>prefert</span> 
     </span>
     <span class='ocr_line' id='line_1_44' title="bbox 128 4607 1222 4673; baseline 0 -14"><span class='ocrx_word' id='word_1_424' title='bbox 128 4625 183 4662; x_wconf 85' lang='lat' dir='ltr'>rem</span> <span class='ocrx_word' id='word_1_425' title='bbox 195 4613 220 4663; x_wconf 90' lang='lat' dir='ltr'>io</span> <span class='ocrx_word' id='word_1_426' title='bbox 232 4619 322 4663; x_wconf 83' lang='lat' dir='ltr'>sensto</span> <span class='ocrx_word' id='word_1_427' title='bbox 338 4611 476 4662; x_wconf 68' lang='lat' dir='ltr'>sententie</span> <span class='ocrx_word' id='word_1_428' title='bbox 491 4610 610 4663; x_wconf 74' lang='lat' dir='ltr'>dicende</span> <span class='ocrx_word' id='word_1_429' title='bbox 620 4611 658 4662; x_wconf 91' lang='lat' dir='ltr'>lo·</span> <span class='ocrx_word' id='word_1_430' title='bbox 695 4617 767 4673; x_wconf 59' lang='grc' dir='ltr'>ηας</span> <span class='ocrx_word' id='word_1_431' title='bbox 794 4620 824 4663; x_wconf 87' lang='lat' dir='ltr'>nt</span> <span class='ocrx_word' id='word_1_432' title='bbox 843 4625 877 4662; x_wconf 78' lang='lat' dir='ltr'>ex</span> <span class='ocrx_word' id='word_1_433' title='bbox 900 4607 1064 4672; x_wconf 74' lang='lat' dir='ltr'>ottiogottets</span> <span class='ocrx_word' id='word_1_434' title='bbox 1083 4608 1165 4673; x_wconf 77' lang='lat' dir='ltr'>ipssrn</span> <span class='ocrx_word' id='word_1_435' title='bbox 1192 4621 1222 4659; x_wconf 90' lang='lat' dir='ltr'>se</span> 
     </span>
    </p>
   </div>
   <div class='ocr_carea' id='block_1_3' title="bbox 0 0 1396 5272">
    <p class='ocr_par' dir='ltr' id='par_1_3' title="bbox 0 0 1396 5272">
     <span class='ocr_line' id='line_1_45' title="bbox 0 0 1396 5272; baseline 0 0"><span class='ocrx_word' id='word_1_436' title='bbox 0 0 1396 5272; x_wconf 95' lang='lat' dir='ltr'> </span> 
     </span>
    </p>
   </div>
  </div>
 </body>
</html>
