<?xml version="1.0" encoding="UTF-8"?>
<!DOCTYPE html PUBLIC "-//W3C//DTD XHTML 1.0 Transitional//EN"
    "http://www.w3.org/TR/xhtml1/DTD/xhtml1-transitional.dtd">
<html xmlns="http://www.w3.org/1999/xhtml" xml:lang="en" lang="en">
 <head>
  <title>
</title>
<meta http-equiv="Content-Type" content="text/html;charset=utf-8" />
  <meta name='ocr-system' content='tesseract 3.04.00' />
  <meta name='ocr-capabilities' content='ocr_page ocr_carea ocr_par ocr_line ocrx_word'/>
</head>
<body>
  <div class='ocr_page' id='page_1' title='image "./tliviipatavinih00rupegoog_0308.png"; bbox 0 0 2782 5272; ppageno 0'>
   <div class='ocr_carea' id='block_1_1' title="bbox 157 614 907 681">
    <p class='ocr_par' dir='ltr' id='par_1_1' title="bbox 157 614 907 681">
     <span class='ocr_line' id='line_1_1' title="bbox 157 614 907 681; baseline -0.004 -1"><span class='ocrx_word' id='word_1_1' title='bbox 157 614 244 681; x_wconf 73' lang='lat' dir='ltr'>tutu</span> <span class='ocrx_word' id='word_1_2' title='bbox 501 626 611 676; x_wconf 74' lang='lat' dir='ltr'>norm</span> <span class='ocrx_word' id='word_1_3' title='bbox 635 624 839 677; x_wconf 82' lang='lat' dir='ltr'>vauronuu</span> <span class='ocrx_word' id='word_1_4' title='bbox 866 626 907 677; x_wconf 82' lang='lat' dir='ltr'>ru</span> 
     </span>
    </p>
   </div>
   <div class='ocr_carea' id='block_1_2' title="bbox 141 766 1255 4533">
    <p class='ocr_par' dir='ltr' id='par_1_2' title="bbox 141 766 1255 4533">
     <span class='ocr_line' id='line_1_2' title="bbox 156 766 1251 834; baseline 0.002 -15"><span class='ocrx_word' id='word_1_5' title='bbox 156 770 339 833; x_wconf 69' lang='lat' dir='ltr'>credidissent,</span> <span class='ocrx_word' id='word_1_6' title='bbox 360 767 439 819; x_wconf 86' lang='lat' dir='ltr'>iidem</span> <span class='ocrx_word' id='word_1_7' title='bbox 461 784 533 821; x_wconf 84' lang='lat' dir='ltr'>ruam</span> <span class='ocrx_word' id='word_1_8' title='bbox 550 768 686 834; x_wconf 72' lang='lat' dir='ltr'>prutitit·</span> <span class='ocrx_word' id='word_1_9' title='bbox 722 768 826 833; x_wconf 76' lang='lat' dir='ltr'>Appius</span> <span class='ocrx_word' id='word_1_10' title='bbox 842 782 901 833; x_wconf 86' lang='lat' dir='ltr'>cap.</span> <span class='ocrx_word' id='word_1_11' title='bbox 912 772 954 818; x_wconf 82' lang='lat' dir='ltr'>et.</span> <span class='ocrx_word' id='word_1_12' title='bbox 978 766 1108 819; x_wconf 75' lang='lat' dir='ltr'>‘attera’</span> <span class='ocrx_word' id='word_1_13' title='bbox 1126 768 1251 832; x_wconf 65' lang='lat' dir='ltr'>rotulum</span> 
     </span>
     <span class='ocr_line' id='line_1_3' title="bbox 153 843 1253 911; baseline 0 -14"><span class='ocrx_word' id='word_1_14' title='bbox 153 847 320 897; x_wconf 80' lang='lat' dir='ltr'>aet.&#39;1iiorir.</span> <span class='ocrx_word' id='word_1_15' title='bbox 353 846 417 895; x_wconf 90' lang='lat' dir='ltr'>Non</span> <span class='ocrx_word' id='word_1_16' title='bbox 435 861 519 902; x_wconf 84' lang='lat' dir='ltr'>recor,</span> <span class='ocrx_word' id='word_1_17' title='bbox 538 847 686 910; x_wconf 82' lang='lat' dir='ltr'>qnamidera</span> <span class='ocrx_word' id='word_1_18' title='bbox 720 845 805 895; x_wconf 80' lang='lat' dir='ltr'>Sentii</span> <span class='ocrx_word' id='word_1_19' title='bbox 824 843 1134 907; x_wconf 67' lang='lat' dir='ltr'>‘fidemebrogerbcum</span> <span class='ocrx_word' id='word_1_20' title='bbox 1145 859 1253 911; x_wconf 77' lang='lat' dir='ltr'>quanm·</span> 
     </span>
     <span class='ocr_line' id='line_1_4' title="bbox 153 920 1254 985; baseline -0.001 -13"><span class='ocrx_word' id='word_1_21' title='bbox 153 924 233 972; x_wconf 77' lang='lat' dir='ltr'>moliri</span> <span class='ocrx_word' id='word_1_22' title='bbox 241 924 322 985; x_wconf 74' lang='lat' dir='ltr'>cupit,</span> <span class='ocrx_word' id='word_1_23' title='bbox 333 923 478 971; x_wconf 86' lang='lat' dir='ltr'>babetnriu</span> <span class='ocrx_word' id='word_1_24' title='bbox 490 922 549 972; x_wconf 85' lang='lat' dir='ltr'>Pal.</span> <span class='ocrx_word' id='word_1_25' title='bbox 559 925 585 971; x_wconf 80' lang='lat'>2.</span> <span class='ocrx_word' id='word_1_26' title='bbox 600 928 686 971; x_wconf 80' lang='lat' dir='ltr'>veter·</span> <span class='ocrx_word' id='word_1_27' title='bbox 722 922 762 968; x_wconf 89' lang='lat' dir='ltr'>nir</span> <span class='ocrx_word' id='word_1_28' title='bbox 772 921 883 968; x_wconf 83' lang='lat' dir='ltr'>bumana</span> <span class='ocrx_word' id='word_1_29' title='bbox 894 920 1008 969; x_wconf 87' lang='lat' dir='ltr'>aorietar</span> <span class='ocrx_word' id='word_1_30' title='bbox 1018 920 1140 969; x_wconf 78' lang='lat' dir='ltr'>toiiitun’</span> <span class='ocrx_word' id='word_1_31' title='bbox 1173 921 1254 984; x_wconf 75' lang='lat' dir='ltr'>lpean</span> 
     </span>
     <span class='ocr_line' id='line_1_5' title="bbox 153 994 1254 1063; baseline -0.002 -17"><span class='ocrx_word' id='word_1_32' title='bbox 153 998 277 1063; x_wconf 79' lang='lat' dir='ltr'>rimiaqrre</span> <span class='ocrx_word' id='word_1_33' title='bbox 295 999 355 1047; x_wconf 88' lang='lat' dir='ltr'>edd.</span> <span class='ocrx_word' id='word_1_34' title='bbox 390 997 505 1046; x_wconf 75' lang='lat' dir='ltr'>Faiirnna</span> <span class='ocrx_word' id='word_1_35' title='bbox 521 1003 609 1046; x_wconf 88' lang='lat' dir='ltr'>tamen</span> <span class='ocrx_word' id='word_1_36' title='bbox 626 1010 684 1046; x_wconf 88' lang='lat' dir='ltr'>cura</span> <span class='ocrx_word' id='word_1_37' title='bbox 722 994 791 1042; x_wconf 83' lang='lat' dir='ltr'>Livii</span> <span class='ocrx_word' id='word_1_38' title='bbox 811 995 924 1056; x_wconf 83' lang='lat' dir='ltr'>pbrerin,</span> <span class='ocrx_word' id='word_1_39' title='bbox 942 1008 1105 1058; x_wconf 84' lang='lat' dir='ltr'>quamquem</span> <span class='ocrx_word' id='word_1_40' title='bbox 1117 996 1206 1045; x_wconf 84' lang='lat' dir='ltr'>ineiia</span> <span class='ocrx_word' id='word_1_41' title='bbox 1223 1011 1254 1059; x_wconf 82' lang='lat' dir='ltr'>re,</span> 
     </span>
     <span class='ocr_line' id='line_1_6' title="bbox 153 1070 1252 1137; baseline 0.002 -15"><span class='ocrx_word' id='word_1_42' title='bbox 153 1074 275 1128; x_wconf 85' lang='lat' dir='ltr'>eerttiret,</span> <span class='ocrx_word' id='word_1_43' title='bbox 286 1086 370 1137; x_wconf 83' lang='lat' dir='ltr'>neque</span> <span class='ocrx_word' id='word_1_44' title='bbox 381 1073 419 1122; x_wconf 88' lang='lat' dir='ltr'>M.</span> <span class='ocrx_word' id='word_1_45' title='bbox 436 1072 562 1121; x_wconf 80' lang='lat' dir='ltr'>Manlium</span> <span class='ocrx_word' id='word_1_46' title='bbox 573 1070 606 1121; x_wconf 86' lang='lat' dir='ltr'>de</span> <span class='ocrx_word' id='word_1_47' title='bbox 617 1072 686 1135; x_wconf 72' lang='lat' dir='ltr'>agria</span> <span class='ocrx_word' id='word_1_48' title='bbox 723 1080 832 1135; x_wconf 84' lang='lat' dir='ltr'>ueurpat</span> <span class='ocrx_word' id='word_1_49' title='bbox 844 1070 956 1121; x_wconf 73' lang='lat' dir='ltr'>Ovidius</span> <span class='ocrx_word' id='word_1_50' title='bbox 975 1071 1050 1121; x_wconf 76' lang='lat' dir='ltr'>Faat.</span> <span class='ocrx_word' id='word_1_51' title='bbox 1062 1082 1103 1121; x_wconf 83' lang='lat' dir='ltr'>tv.</span> <span class='ocrx_word' id='word_1_52' title='bbox 1118 1076 1178 1122; x_wconf 76' lang='lat'><strong>2⁰³·</strong></span> <span class='ocrx_word' id='word_1_53' title='bbox 1188 1074 1252 1124; x_wconf 79' lang='lat' dir='ltr'>‘Pte</span> 
     </span>
     <span class='ocr_line' id='line_1_7' title="bbox 152 1146 1254 1211; baseline 0.002 -14"><span class='ocrx_word' id='word_1_54' title='bbox 152 1146 339 1211; x_wconf 72' lang='lat' dir='ltr'>mentientia,</span> <span class='ocrx_word' id='word_1_55' title='bbox 357 1156 386 1196; x_wconf 92' lang='lat' dir='ltr'>ut</span> <span class='ocrx_word' id='word_1_56' title='bbox 403 1148 449 1210; x_wconf 82' lang='lat' dir='ltr'>Sp.</span> <span class='ocrx_word' id='word_1_57' title='bbox 462 1147 589 1203; x_wconf 81' lang='lat' dir='ltr'>cantium,</span> <span class='ocrx_word' id='word_1_58' title='bbox 600 1160 686 1209; x_wconf 85' lang='lat' dir='ltr'>neque</span> <span class='ocrx_word' id='word_1_59' title='bbox 722 1161 816 1210; x_wconf 73' lang='lat' dir='ltr'>magna</span> <span class='ocrx_word' id='word_1_60' title='bbox 838 1156 907 1196; x_wconf 85' lang='lat' dir='ltr'>terto</span> <span class='ocrx_word' id='word_1_61' title='bbox 927 1154 1045 1196; x_wconf 81' lang='lat' dir='ltr'>retnatna</span> <span class='ocrx_word' id='word_1_62' title='bbox 1066 1148 1202 1206; x_wconf 83' lang='lat' dir='ltr'>creditur,</span> <span class='ocrx_word' id='word_1_63' title='bbox 1219 1164 1254 1199; x_wconf 86' lang='lat' dir='ltr'>at·</span> 
     </span>
     <span class='ocr_line' id='line_1_8' title="bbox 153 1221 1252 1284; baseline 0.001 -13"><span class='ocrx_word' id='word_1_64' title='bbox 153 1222 285 1271; x_wconf 76' lang='lat' dir='ltr'>frumento</span> <span class='ocrx_word' id='word_1_65' title='bbox 300 1222 450 1283; x_wconf 79' lang='lat' dir='ltr'>dividendo,</span> <span class='ocrx_word' id='word_1_66' title='bbox 465 1231 494 1272; x_wconf 90' lang='lat' dir='ltr'>ut</span> <span class='ocrx_word' id='word_1_67' title='bbox 511 1222 556 1284; x_wconf 83' lang='lat' dir='ltr'>Sp.</span> <span class='ocrx_word' id='word_1_68' title='bbox 567 1221 685 1271; x_wconf 78' lang='lat' dir='ltr'>Maelium</span> <span class='ocrx_word' id='word_1_69' title='bbox 721 1230 826 1284; x_wconf 86' lang='lat' dir='ltr'>ceptam</span> <span class='ocrx_word' id='word_1_70' title='bbox 848 1237 926 1284; x_wconf 85' lang='lat' dir='ltr'>parce</span> <span class='ocrx_word' id='word_1_71' title='bbox 941 1237 1052 1272; x_wconf 85' lang='lat' dir='ltr'>morere</span> <span class='ocrx_word' id='word_1_72' title='bbox 1072 1222 1171 1275; x_wconf 74' lang='lat' dir='ltr'>iidem·</span> <span class='ocrx_word' id='word_1_73' title='bbox 1184 1225 1213 1274; x_wconf 75' lang='lat' dir='ltr'>J.</span> <span class='ocrx_word' id='word_1_74' title='bbox 1226 1226 1252 1275; x_wconf 71' lang='lat' dir='ltr'>F.</span> 
     </span>
     <span class='ocr_line' id='line_1_9' title="bbox 153 1296 1252 1361; baseline 0.007 -19"><span class='ocrx_word' id='word_1_75' title='bbox 153 1296 283 1358; x_wconf 49' lang='lat' dir='ltr'>egitania</span> <span class='ocrx_word' id='word_1_76' title='bbox 300 1298 345 1346; x_wconf 85' lang='lat' dir='ltr'>red</span> <span class='ocrx_word' id='word_1_77' title='bbox 359 1313 410 1347; x_wconf 73' lang='lat' dir='ltr'>ure</span> <span class='ocrx_word' id='word_1_78' title='bbox 427 1298 512 1346; x_wconf 82' lang='lat' dir='ltr'>elieno</span> <span class='ocrx_word' id='word_1_79' title='bbox 524 1298 630 1346; x_wconf 85' lang='lat' dir='ltr'>obrutot</span> <span class='ocrx_word' id='word_1_80' title='bbox 640 1309 686 1345; x_wconf 79' lang='lat' dir='ltr'>en·</span> <span class='ocrx_word' id='word_1_81' title='bbox 724 1298 801 1347; x_wconf 84' lang='lat' dir='ltr'>Grun.</span> <span class='ocrx_word' id='word_1_82' title='bbox 818 1298 885 1346; x_wconf 79' lang='lat' dir='ltr'>Idem</span> <span class='ocrx_word' id='word_1_83' title='bbox 895 1298 976 1346; x_wconf 74' lang='lat' dir='ltr'>noiiri</span> <span class='ocrx_word' id='word_1_84' title='bbox 991 1298 1066 1361; x_wconf 79' lang='lat' dir='ltr'>roept&#39;t</span> <span class='ocrx_word' id='word_1_85' title='bbox 1077 1299 1155 1349; x_wconf 83' lang='lat' dir='ltr'>etiam</span> <span class='ocrx_word' id='word_1_86' title='bbox 1166 1312 1252 1351; x_wconf 81' lang='lat' dir='ltr'>omnen</span> 
     </span>
     <span class='ocr_line' id='line_1_10' title="bbox 153 1370 1251 1440; baseline 0.005 -20"><span class='ocrx_word' id='word_1_87' title='bbox 153 1371 284 1435; x_wconf 84' lang='lat' dir='ltr'>pedieodo</span> <span class='ocrx_word' id='word_1_88' title='bbox 296 1374 418 1436; x_wconf 85' lang='lat' dir='ltr'>populum</span> <span class='ocrx_word' id='word_1_89' title='bbox 430 1372 520 1422; x_wconf 80' lang='lat' dir='ltr'>iacere</span> <span class='ocrx_word' id='word_1_90' title='bbox 530 1370 685 1434; x_wconf 68' lang='lat' dir='ltr'>annmeogi·</span> <span class='ocrx_word' id='word_1_91' title='bbox 721 1374 824 1437; x_wconf 64' lang='lat' dir='ltr'>aripti,</span> <span class='ocrx_word' id='word_1_92' title='bbox 844 1374 939 1436; x_wconf 73' lang='lat' dir='ltr'>quibus</span> <span class='ocrx_word' id='word_1_93' title='bbox 955 1389 1017 1423; x_wconf 85' lang='lat' dir='ltr'>rraur</span> <span class='ocrx_word' id='word_1_94' title='bbox 1037 1388 1106 1429; x_wconf 88' lang='lat' dir='ltr'>auur,</span> <span class='ocrx_word' id='word_1_95' title='bbox 1117 1374 1165 1423; x_wconf 76' lang='lat' dir='ltr'>nini</span> <span class='ocrx_word' id='word_1_96' title='bbox 1184 1376 1251 1440; x_wconf 84' lang='lat' dir='ltr'>qnod</span> 
     </span>
     <span class='ocr_line' id='line_1_11' title="bbox 152 1447 1251 1512; baseline 0.003 -17"><span class='ocrx_word' id='word_1_97' title='bbox 152 1455 233 1507; x_wconf 79' lang='lat' dir='ltr'>tanao,</span> <span class='ocrx_word' id='word_1_98' title='bbox 244 1449 357 1511; x_wconf 87' lang='lat' dir='ltr'>conjecit</span> <span class='ocrx_word' id='word_1_99' title='bbox 369 1449 419 1511; x_wconf 74' lang='lat' dir='ltr'>tegi</span> <span class='ocrx_word' id='word_1_100' title='bbox 440 1448 685 1512; x_wconf 73' lang='lat' dir='ltr'>poareflderrtdeneo·</span> <span class='ocrx_word' id='word_1_101' title='bbox 721 1448 784 1497; x_wconf 74' lang='lat' dir='ltr'>iden</span> <span class='ocrx_word' id='word_1_102' title='bbox 804 1448 892 1497; x_wconf 71' lang='lat' dir='ltr'>nottirr·</span> <span class='ocrx_word' id='word_1_103' title='bbox 914 1447 1043 1510; x_wconf 76' lang='lat' dir='ltr'>praeierat</span> <span class='ocrx_word' id='word_1_104' title='bbox 1066 1448 1133 1498; x_wconf 76' lang='lat' dir='ltr'>bor.</span> <span class='ocrx_word' id='word_1_105' title='bbox 1153 1452 1178 1499; x_wconf 86' lang='lat' dir='ltr'>l.</span> <span class='ocrx_word' id='word_1_106' title='bbox 1198 1448 1251 1498; x_wconf 79' lang='lat' dir='ltr'>inde</span> 
     </span>
     <span class='ocr_line' id='line_1_12' title="bbox 151 1522 1250 1588; baseline 0.005 -19"><span class='ocrx_word' id='word_1_107' title='bbox 151 1522 194 1570; x_wconf 86' lang='lat' dir='ltr'>iiri</span> <span class='ocrx_word' id='word_1_108' title='bbox 203 1524 293 1585; x_wconf 74' lang='lat' dir='ltr'>cupit:</span> <span class='ocrx_word' id='word_1_109' title='bbox 306 1524 409 1572; x_wconf 82' lang='lat' dir='ltr'>cerium</span> <span class='ocrx_word' id='word_1_110' title='bbox 419 1524 516 1587; x_wconf 79' lang='lat' dir='ltr'>qnippe,</span> <span class='ocrx_word' id='word_1_111' title='bbox 525 1526 566 1584; x_wconf 72' lang='lat' dir='ltr'>tre.</span> <span class='ocrx_word' id='word_1_112' title='bbox 600 1523 686 1573; x_wconf 81' lang='lat' dir='ltr'>Quem</span> <span class='ocrx_word' id='word_1_113' title='bbox 723 1524 802 1573; x_wconf 86' lang='lat' dir='ltr'>nroiiri</span> <span class='ocrx_word' id='word_1_114' title='bbox 814 1524 924 1573; x_wconf 69' lang='lat' dir='ltr'>Voce-8.</span> <span class='ocrx_word' id='word_1_115' title='bbox 941 1523 1250 1588; x_wconf 74' lang='lat' dir='ltr'>etlnr.n.qnenadmo</span> 
     </span>
     <span class='ocr_line' id='line_1_13' title="bbox 152 1596 1254 1661; baseline 0.005 -17"><span class='ocrx_word' id='word_1_116' title='bbox 152 1597 359 1647; x_wconf 71' lang='lat' dir='ltr'>emendationem</span> <span class='ocrx_word' id='word_1_117' title='bbox 391 1612 522 1661; x_wconf 82' lang='lat' dir='ltr'>occupem</span> <span class='ocrx_word' id='word_1_118' title='bbox 553 1596 685 1659; x_wconf 72' lang='lat' dir='ltr'>Sigoniua,</span> <span class='ocrx_word' id='word_1_119' title='bbox 722 1598 872 1647; x_wconf 88' lang='lat' dir='ltr'>dumetiam</span> <span class='ocrx_word' id='word_1_120' title='bbox 889 1598 916 1647; x_wconf 87' lang='lat' dir='ltr'>in</span> <span class='ocrx_word' id='word_1_121' title='bbox 933 1598 1003 1647; x_wconf 81' lang='lat' dir='ltr'>Pali.</span> <span class='ocrx_word' id='word_1_122' title='bbox 1021 1598 1126 1648; x_wconf 83' lang='lat' dir='ltr'>dnnbna</span> <span class='ocrx_word' id='word_1_123' title='bbox 1137 1598 1254 1649; x_wconf 76' lang='lat' dir='ltr'>Gebhar-</span> 
     </span>
     <span class='ocr_line' id='line_1_14' title="bbox 151 1671 1255 1739; baseline 0.003 -18"><span class='ocrx_word' id='word_1_124' title='bbox 151 1671 305 1734; x_wconf 68' lang='lat' dir='ltr'>magnidicis</span> <span class='ocrx_word' id='word_1_125' title='bbox 323 1673 397 1721; x_wconf 81' lang='lat' dir='ltr'>nobie</span> <span class='ocrx_word' id='word_1_126' title='bbox 422 1671 685 1735; x_wconf 68' lang='lat' dir='ltr'>interpretationibus</span> <span class='ocrx_word' id='word_1_127' title='bbox 721 1671 770 1721; x_wconf 88' lang='lat' dir='ltr'>dna</span> <span class='ocrx_word' id='word_1_128' title='bbox 783 1673 883 1722; x_wconf 81' lang='lat' dir='ltr'>invenit</span> <span class='ocrx_word' id='word_1_129' title='bbox 895 1688 904 1733; x_wconf 69' lang='grc' dir='ltr'><strong>ς</strong></span> <span class='ocrx_word' id='word_1_130' title='bbox 927 1673 960 1721; x_wconf 91' lang='lat' dir='ltr'>de</span> <span class='ocrx_word' id='word_1_131' title='bbox 970 1687 1000 1722; x_wconf 87' lang='lat' dir='ltr'>ea</span> <span class='ocrx_word' id='word_1_132' title='bbox 1012 1680 1104 1724; x_wconf 86' lang='lat' dir='ltr'>autem</span> <span class='ocrx_word' id='word_1_133' title='bbox 1115 1674 1255 1739; x_wconf 74' lang='lat' dir='ltr'>euripum,</span> 
     </span>
     <span class='ocr_line' id='line_1_15' title="bbox 151 1748 1254 1815; baseline 0.005 -18"><span class='ocrx_word' id='word_1_134' title='bbox 151 1749 254 1798; x_wconf 88' lang='lat' dir='ltr'>Sciroiia</span> <span class='ocrx_word' id='word_1_135' title='bbox 276 1750 403 1798; x_wconf 77' lang='lat' dir='ltr'>extendit.</span> <span class='ocrx_word' id='word_1_136' title='bbox 435 1748 487 1798; x_wconf 86' lang='lat' dir='ltr'>Sed</span> <span class='ocrx_word' id='word_1_137' title='bbox 500 1749 557 1812; x_wconf 82' lang='lat' dir='ltr'>quie</span> <span class='ocrx_word' id='word_1_138' title='bbox 570 1749 596 1796; x_wconf 92' lang='lat' dir='ltr'>in</span> <span class='ocrx_word' id='word_1_139' title='bbox 609 1753 683 1796; x_wconf 86' lang='lat' dir='ltr'>tante</span> <span class='ocrx_word' id='word_1_140' title='bbox 720 1748 741 1797; x_wconf 85' lang='lat' dir='ltr'>ai</span> <span class='ocrx_word' id='word_1_141' title='bbox 762 1748 823 1812; x_wconf 85' lang='lat' dir='ltr'>qnid</span> <span class='ocrx_word' id='word_1_142' title='bbox 844 1749 930 1806; x_wconf 83' lang='lat' dir='ltr'>viduo,</span> <span class='ocrx_word' id='word_1_143' title='bbox 950 1750 1021 1799; x_wconf 84' lang='lat' dir='ltr'>eiind</span> <span class='ocrx_word' id='word_1_144' title='bbox 1041 1750 1173 1815; x_wconf 80' lang='lat' dir='ltr'>judicium</span> <span class='ocrx_word' id='word_1_145' title='bbox 1194 1750 1254 1801; x_wconf 71' lang='lat' dir='ltr'>terri</span> 
     </span>
     <span class='ocr_line' id='line_1_16' title="bbox 149 1822 1253 1889; baseline 0.003 -17"><span class='ocrx_word' id='word_1_146' title='bbox 149 1825 304 1887; x_wconf 83' lang='lat' dir='ltr'>ecriptnrnm</span> <span class='ocrx_word' id='word_1_147' title='bbox 317 1824 392 1872; x_wconf 89' lang='lat' dir='ltr'>turba</span> <span class='ocrx_word' id='word_1_148' title='bbox 402 1838 522 1888; x_wconf 85' lang='lat' dir='ltr'>umquem</span> <span class='ocrx_word' id='word_1_149' title='bbox 534 1822 601 1871; x_wconf 83' lang='lat' dir='ltr'>dixit</span> <span class='ocrx_word' id='word_1_150' title='bbox 605 1822 683 1886; x_wconf 74' lang='lat' dir='ltr'>fiderit</span> <span class='ocrx_word' id='word_1_151' title='bbox 720 1824 820 1888; x_wconf 75' lang='lat' dir='ltr'>nequit,</span> <span class='ocrx_word' id='word_1_152' title='bbox 839 1840 915 1887; x_wconf 85' lang='lat' dir='ltr'>qrram</span> <span class='ocrx_word' id='word_1_153' title='bbox 931 1824 1052 1875; x_wconf 84' lang='lat' dir='ltr'>librerioa</span> <span class='ocrx_word' id='word_1_154' title='bbox 1066 1826 1105 1875; x_wconf 80' lang='lat' dir='ltr'>itu</span> <span class='ocrx_word' id='word_1_155' title='bbox 1123 1840 1174 1889; x_wconf 82' lang='lat' dir='ltr'>per</span> <span class='ocrx_word' id='word_1_156' title='bbox 1183 1840 1253 1875; x_wconf 82' lang='lat' dir='ltr'>erro·</span> 
     </span>
     <span class='ocr_line' id='line_1_17' title="bbox 148 1898 1252 1964; baseline 0.001 -15"><span class='ocrx_word' id='word_1_157' title='bbox 148 1901 229 1949; x_wconf 70' lang='lat' dir='ltr'>nniiri</span> <span class='ocrx_word' id='word_1_158' title='bbox 250 1914 306 1949; x_wconf 81' lang='lat' dir='ltr'>eane</span> <span class='ocrx_word' id='word_1_159' title='bbox 327 1901 488 1963; x_wconf 82' lang='lat' dir='ltr'>‘probibere‚</span> <span class='ocrx_word' id='word_1_160' title='bbox 510 1914 542 1948; x_wconf 91' lang='lat' dir='ltr'>ne</span> <span class='ocrx_word' id='word_1_161' title='bbox 561 1898 682 1947; x_wconf 85' lang='lat' dir='ltr'>obatricti</span> <span class='ocrx_word' id='word_1_162' title='bbox 719 1913 785 1959; x_wconf 80' lang='lat' dir='ltr'>rem,</span> <span class='ocrx_word' id='word_1_163' title='bbox 797 1914 844 1962; x_wconf 92' lang='lat' dir='ltr'>pro</span> <span class='ocrx_word' id='word_1_164' title='bbox 855 1900 917 1949; x_wconf 74' lang='lat' dir='ltr'>idm</span> <span class='ocrx_word' id='word_1_165' title='bbox 928 1901 1017 1961; x_wconf 72' lang='lat' dir='ltr'>mutini,</span> <span class='ocrx_word' id='word_1_166' title='bbox 1030 1899 1143 1950; x_wconf 82' lang='lat' dir='ltr'>deditae.</span> <span class='ocrx_word' id='word_1_167' title='bbox 1178 1900 1252 1964; x_wconf 74' lang='lat' dir='ltr'>sepe</span> 
     </span>
     <span class='ocr_line' id='line_1_18' title="bbox 149 1972 1253 2039; baseline 0.002 -16"><span class='ocrx_word' id='word_1_168' title='bbox 149 1988 202 2023; x_wconf 68' lang='lat' dir='ltr'>are</span> <span class='ocrx_word' id='word_1_169' title='bbox 214 1975 299 2023; x_wconf 89' lang='lat' dir='ltr'>aiieuo</span> <span class='ocrx_word' id='word_1_170' title='bbox 311 1974 337 2023; x_wconf 89' lang='lat' dir='ltr'>id</span> <span class='ocrx_word' id='word_1_171' title='bbox 347 1972 475 2024; x_wconf 81' lang='lat' dir='ltr'>noiranti&#39;</span> <span class='ocrx_word' id='word_1_172' title='bbox 491 1972 684 2038; x_wconf 79' lang='lat' dir='ltr'>‘Fidem&#39;qni·</span> <span class='ocrx_word' id='word_1_173' title='bbox 720 1975 788 2024; x_wconf 86' lang='lat' dir='ltr'>enim</span> <span class='ocrx_word' id='word_1_174' title='bbox 806 1975 903 2024; x_wconf 77' lang='lat' dir='ltr'>librarii</span> <span class='ocrx_word' id='word_1_175' title='bbox 928 1977 975 2036; x_wconf 75' lang='lat' dir='ltr'>idi,</span> <span class='ocrx_word' id='word_1_176' title='bbox 992 1976 1050 2025; x_wconf 78' lang='lat' dir='ltr'>tire</span> <span class='ocrx_word' id='word_1_177' title='bbox 1070 1976 1144 2037; x_wconf 70' lang='lat' dir='ltr'>iden,</span> <span class='ocrx_word' id='word_1_178' title='bbox 1162 1976 1253 2039; x_wconf 67' lang='lat' dir='ltr'>etilo,</span> 
     </span>
     <span class='ocr_line' id='line_1_19' title="bbox 148 2048 1253 2115; baseline 0.003 -17"><span class='ocrx_word' id='word_1_179' title='bbox 148 2049 209 2100; x_wconf 88' lang='lat' dir='ltr'>dem</span> <span class='ocrx_word' id='word_1_180' title='bbox 229 2052 369 2113; x_wconf 83' lang='lat' dir='ltr'>reparatim</span> <span class='ocrx_word' id='word_1_181' title='bbox 389 2052 424 2110; x_wconf 86' lang='lat' dir='ltr'>id,</span> <span class='ocrx_word' id='word_1_182' title='bbox 435 2051 503 2115; x_wconf 85' lang='lat' dir='ltr'>qnod</span> <span class='ocrx_word' id='word_1_183' title='bbox 516 2051 601 2098; x_wconf 84' lang='lat' dir='ltr'>innuit</span> <span class='ocrx_word' id='word_1_184' title='bbox 612 2048 684 2111; x_wconf 73' lang='lat' dir='ltr'>Sigo-</span> <span class='ocrx_word' id='word_1_185' title='bbox 720 2050 776 2100; x_wconf 82' lang='lat' dir='ltr'>nire</span> <span class='ocrx_word' id='word_1_186' title='bbox 793 2052 859 2112; x_wconf 82' lang='lat' dir='ltr'>inde,</span> <span class='ocrx_word' id='word_1_187' title='bbox 876 2052 902 2099; x_wconf 91' lang='lat' dir='ltr'>in</span> <span class='ocrx_word' id='word_1_188' title='bbox 920 2050 1077 2101; x_wconf 84' lang='lat' dir='ltr'>membrania</span> <span class='ocrx_word' id='word_1_189' title='bbox 1093 2048 1253 2101; x_wconf 78' lang='lat' dir='ltr'>mnfrmere</span> 
     </span>
     <span class='ocr_line' id='line_1_20' title="bbox 148 2122 1255 2191; baseline 0.002 -17"><span class='ocrx_word' id='word_1_190' title='bbox 148 2126 217 2181; x_wconf 88' lang='lat' dir='ltr'>nint,</span> <span class='ocrx_word' id='word_1_191' title='bbox 239 2127 397 2190; x_wconf 75' lang='lat' dir='ltr'>aignibcare‚</span> <span class='ocrx_word' id='word_1_192' title='bbox 415 2140 464 2175; x_wconf 89' lang='lat' dir='ltr'>non</span> <span class='ocrx_word' id='word_1_193' title='bbox 487 2124 619 2183; x_wconf 79' lang='lat' dir='ltr'>diffiteor3</span> <span class='ocrx_word' id='word_1_194' title='bbox 636 2122 682 2171; x_wconf 81' lang='lat' dir='ltr'>eod</span> <span class='ocrx_word' id='word_1_195' title='bbox 718 2126 789 2175; x_wconf 83' lang='lat' dir='ltr'>roliti</span> <span class='ocrx_word' id='word_1_196' title='bbox 806 2124 920 2176; x_wconf 78' lang='lat' dir='ltr'>fuerunt.</span> <span class='ocrx_word' id='word_1_197' title='bbox 952 2125 1021 2175; x_wconf 78' lang='lat' dir='ltr'>vide</span> <span class='ocrx_word' id='word_1_198' title='bbox 1043 2126 1076 2175; x_wconf 78' lang='lat' dir='ltr'>ed</span> <span class='ocrx_word' id='word_1_199' title='bbox 1095 2131 1174 2177; x_wconf 70' lang='lat' dir='ltr'>uli).</span> <span class='ocrx_word' id='word_1_200' title='bbox 1198 2127 1255 2191; x_wconf 66' lang='grc' dir='ltr'><strong>Η.</strong></span> 
     </span>
     <span class='ocr_line' id='line_1_21' title="bbox 148 2197 1254 2267; baseline 0.005 -20"><span class='ocrx_word' id='word_1_201' title='bbox 148 2212 206 2248; x_wconf 91' lang='lat' dir='ltr'>curn</span> <span class='ocrx_word' id='word_1_202' title='bbox 225 2200 270 2247; x_wconf 89' lang='lat' dir='ltr'>iiio</span> <span class='ocrx_word' id='word_1_203' title='bbox 289 2200 438 2261; x_wconf 88' lang='lat' dir='ltr'>copuiatnm</span> <span class='ocrx_word' id='word_1_204' title='bbox 459 2197 538 2247; x_wconf 87' lang='lat' dir='ltr'>rerbo</span> <span class='ocrx_word' id='word_1_205' title='bbox 557 2197 604 2246; x_wconf 87' lang='lat' dir='ltr'>tali</span> <span class='ocrx_word' id='word_1_206' title='bbox 623 2210 681 2245; x_wconf 82' lang='lat' dir='ltr'>ctae</span> <span class='ocrx_word' id='word_1_207' title='bbox 719 2200 834 2250; x_wconf 82' lang='lat' dir='ltr'>Latinius</span> <span class='ocrx_word' id='word_1_208' title='bbox 846 2200 1010 2250; x_wconf 74' lang='lat' dir='ltr'>scribendum</span> <span class='ocrx_word' id='word_1_209' title='bbox 1019 2201 1254 2267; x_wconf 68' lang='lat' dir='ltr'>ceneuitfidoedt·</span> 
     </span>
     <span class='ocr_line' id='line_1_22' title="bbox 146 2270 1252 2341; baseline 0.004 -20"><span class='ocrx_word' id='word_1_210' title='bbox 146 2273 252 2321; x_wconf 87' lang='lat' dir='ltr'>notione</span> <span class='ocrx_word' id='word_1_211' title='bbox 263 2287 386 2335; x_wconf 84' lang='lat' dir='ltr'>pernego,</span> <span class='ocrx_word' id='word_1_212' title='bbox 395 2273 444 2322; x_wconf 78' lang='lat' dir='ltr'>nini</span> <span class='ocrx_word' id='word_1_213' title='bbox 454 2270 681 2335; x_wconf 86' lang='lat' dir='ltr'>loeupletiburdo-</span> <span class='ocrx_word' id='word_1_214' title='bbox 718 2277 799 2325; x_wconf 68' lang='lat' dir='ltr'>moliri</span> <span class='ocrx_word' id='word_1_215' title='bbox 820 2277 898 2339; x_wconf 72' lang='lat' dir='ltr'>cepit,</span> <span class='ocrx_word' id='word_1_216' title='bbox 919 2275 988 2340; x_wconf 83' lang='lat' dir='ltr'>qrrod</span> <span class='ocrx_word' id='word_1_217' title='bbox 1010 2284 1039 2326; x_wconf 85' lang='lat' dir='ltr'>et</span> <span class='ocrx_word' id='word_1_218' title='bbox 1061 2275 1166 2326; x_wconf 60' lang='lat' dir='ltr'>Februo</span> <span class='ocrx_word' id='word_1_219' title='bbox 1185 2276 1252 2341; x_wconf 74' lang='lat' dir='ltr'>apud</span> 
     </span>
     <span class='ocr_line' id='line_1_23' title="bbox 145 2347 1253 2415; baseline 0.005 -20"><span class='ocrx_word' id='word_1_220' title='bbox 145 2360 208 2395; x_wconf 88' lang='lat' dir='ltr'>oear</span> <span class='ocrx_word' id='word_1_221' title='bbox 223 2356 303 2411; x_wconf 82' lang='lat' dir='ltr'>etque</span> <span class='ocrx_word' id='word_1_222' title='bbox 318 2349 459 2396; x_wconf 79' lang='lat' dir='ltr'>convincar</span> <span class='ocrx_word' id='word_1_223' title='bbox 474 2347 683 2396; x_wconf 72' lang='lat' dir='ltr'>auctoritatibus·</span> <span class='ocrx_word' id='word_1_224' title='bbox 720 2350 844 2400; x_wconf 89' lang='lat' dir='ltr'>Urainnm</span> <span class='ocrx_word' id='word_1_225' title='bbox 857 2352 882 2400; x_wconf 90' lang='lat' dir='ltr'>in</span> <span class='ocrx_word' id='word_1_226' title='bbox 894 2359 1006 2399; x_wconf 83' lang='lat' dir='ltr'>mentem</span> <span class='ocrx_word' id='word_1_227' title='bbox 1020 2352 1104 2407; x_wconf 83' lang='lat' dir='ltr'>venit,</span> <span class='ocrx_word' id='word_1_228' title='bbox 1115 2350 1192 2415; x_wconf 76' lang='lat' dir='ltr'>quui</span> <span class='ocrx_word' id='word_1_229' title='bbox 1203 2351 1253 2415; x_wconf 74' lang='lat' dir='ltr'>pri·</span> 
     </span>
     <span class='ocr_line' id='line_1_24' title="bbox 145 2421 1252 2491; baseline 0.005 -20"><span class='ocrx_word' id='word_1_230' title='bbox 145 2421 214 2471; x_wconf 86' lang='lat' dir='ltr'>Paii.</span> <span class='ocrx_word' id='word_1_231' title='bbox 231 2423 292 2482; x_wconf 88' lang='lat' dir='ltr'>duo,</span> <span class='ocrx_word' id='word_1_232' title='bbox 303 2438 355 2485; x_wconf 75' lang='lat' dir='ltr'>quc</span> <span class='ocrx_word' id='word_1_233' title='bbox 368 2424 566 2486; x_wconf 67' lang='lat' dir='ltr'>nutermmmper</span> <span class='ocrx_word' id='word_1_234' title='bbox 577 2424 682 2473; x_wconf 83' lang='lat' dir='ltr'>tribattt&#39;t</span> <span class='ocrx_word' id='word_1_235' title='bbox 718 2440 761 2476; x_wconf 80' lang='lat' dir='ltr'>me</span> <span class='ocrx_word' id='word_1_236' title='bbox 771 2428 870 2491; x_wconf 76' lang='lat' dir='ltr'>ryiiaba</span> <span class='ocrx_word' id='word_1_237' title='bbox 878 2427 923 2477; x_wconf 79' lang='grc' dir='ltr'>τοῦ</span> <span class='ocrx_word' id='word_1_238' title='bbox 933 2427 1042 2477; x_wconf 76' lang='lat' dir='ltr'>demoliri</span> <span class='ocrx_word' id='word_1_239' title='bbox 1054 2428 1208 2491; x_wconf 78' lang='lat' dir='ltr'>intercepta</span> <span class='ocrx_word' id='word_1_240' title='bbox 1216 2424 1252 2477; x_wconf 65' lang='lat' dir='ltr'>b</span> 
     </span>
     <span class='ocr_line' id='line_1_25' title="bbox 144 2499 1252 2569; baseline 0.006 -23"><span class='ocrx_word' id='word_1_241' title='bbox 144 2499 286 2547; x_wconf 60' lang='lat' dir='ltr'>mdiorum</span> <span class='ocrx_word' id='word_1_242' title='bbox 299 2499 405 2557; x_wconf 74' lang='lat' dir='ltr'>suimet:</span> <span class='ocrx_word' id='word_1_243' title='bbox 431 2500 487 2549; x_wconf 84' lang='lat' dir='ltr'>inde</span> <span class='ocrx_word' id='word_1_244' title='bbox 505 2500 586 2548; x_wconf 77' lang='lat' dir='ltr'>moliri</span> <span class='ocrx_word' id='word_1_245' title='bbox 607 2500 680 2562; x_wconf 83' lang='lat' dir='ltr'>eoept&#39;t</span> <span class='ocrx_word' id='word_1_246' title='bbox 719 2510 761 2552; x_wconf 82' lang='lat' dir='ltr'>ret</span> <span class='ocrx_word' id='word_1_247' title='bbox 790 2503 823 2552; x_wconf 88' lang='lat' dir='ltr'>ab</span> <span class='ocrx_word' id='word_1_248' title='bbox 842 2504 934 2552; x_wconf 85' lang='lat' dir='ltr'>ntrima</span> <span class='ocrx_word' id='word_1_249' title='bbox 962 2503 1034 2552; x_wconf 78' lang='lat' dir='ltr'>tocie</span> <span class='ocrx_word' id='word_1_250' title='bbox 1055 2503 1175 2566; x_wconf 82' lang='lat' dir='ltr'>prteced.</span> <span class='ocrx_word' id='word_1_251' title='bbox 1192 2502 1252 2569; x_wconf 60' lang='grc' dir='ltr'><strong>β.</strong></span> 
     </span>
     <span class='ocr_line' id='line_1_26' title="bbox 144 2574 1252 2642; baseline 0.005 -20"><span class='ocrx_word' id='word_1_252' title='bbox 144 2574 249 2622; x_wconf 72' lang='lat' dir='ltr'>acriores</span> <span class='ocrx_word' id='word_1_253' title='bbox 258 2574 343 2636; x_wconf 78' lang='lat' dir='ltr'>quippe</span> <span class='ocrx_word' id='word_1_254' title='bbox 351 2576 408 2623; x_wconf 83' lang='lat' dir='ltr'>oeria</span> <span class='ocrx_word' id='word_1_255' title='bbox 417 2576 490 2623; x_wconf 84' lang='lat' dir='ltr'>oiierri</span> <span class='ocrx_word' id='word_1_256' title='bbox 498 2576 609 2624; x_wconf 75' lang='lat' dir='ltr'>atinuloa</span> <span class='ocrx_word' id='word_1_257' title='bbox 619 2589 680 2625; x_wconf 73' lang='lat' dir='ltr'>eme.</span> <span class='ocrx_word' id='word_1_258' title='bbox 719 2576 779 2626; x_wconf 75' lang='lat' dir='ltr'>Aue</span> <span class='ocrx_word' id='word_1_259' title='bbox 799 2580 889 2628; x_wconf 75' lang='lat' dir='ltr'>similit</span> <span class='ocrx_word' id='word_1_260' title='bbox 906 2579 1000 2627; x_wconf 77' lang='lat' dir='ltr'>erroris</span> <span class='ocrx_word' id='word_1_261' title='bbox 1012 2578 1137 2642; x_wconf 82' lang='lat' dir='ltr'>exempla</span> <span class='ocrx_word' id='word_1_262' title='bbox 1149 2578 1252 2629; x_wconf 73' lang='lat' dir='ltr'>vidend</span> 
     </span>
     <span class='ocr_line' id='line_1_27' title="bbox 144 2650 1251 2718; baseline 0.004 -19"><span class='ocrx_word' id='word_1_263' title='bbox 144 2651 188 2699; x_wconf 91' lang='lat' dir='ltr'>De</span> <span class='ocrx_word' id='word_1_264' title='bbox 211 2666 263 2713; x_wconf 87' lang='lat' dir='ltr'>qua</span> <span class='ocrx_word' id='word_1_265' title='bbox 280 2651 407 2713; x_wconf 86' lang='lat' dir='ltr'>judicium</span> <span class='ocrx_word' id='word_1_266' title='bbox 427 2650 515 2700; x_wconf 80' lang='lat' dir='ltr'>ferant</span> <span class='ocrx_word' id='word_1_267' title='bbox 533 2651 676 2701; x_wconf 84' lang='lat' dir='ltr'>doctiorea.</span> <span class='ocrx_word' id='word_1_268' title='bbox 719 2667 746 2702; x_wconf 82' lang='lat' dir='ltr'>v.</span> <span class='ocrx_word' id='word_1_269' title='bbox 767 2658 806 2703; x_wconf 81' lang='grc'><strong>19.</strong></span> <span class='ocrx_word' id='word_1_270' title='bbox 823 2657 838 2718; x_wconf 61' lang='lat' dir='ltr'>b</span> <span class='ocrx_word' id='word_1_271' title='bbox 854 2660 878 2704; x_wconf 84' lang='grc'><strong>4.</strong></span> <span class='ocrx_word' id='word_1_272' title='bbox 912 2654 980 2702; x_wconf 93' lang='lat' dir='ltr'>Puto</span> <span class='ocrx_word' id='word_1_273' title='bbox 993 2662 1090 2715; x_wconf 84' lang='lat' dir='ltr'>tamen,</span> <span class='ocrx_word' id='word_1_274' title='bbox 1108 2652 1251 2703; x_wconf 68' lang='lat' dir='ltr'>melioret·</span> 
     </span>
     <span class='ocr_line' id='line_1_28' title="bbox 146 2725 1250 2793; baseline 0.006 -21"><span class='ocrx_word' id='word_1_275' title='bbox 146 2725 224 2774; x_wconf 76' lang='lat' dir='ltr'>cett.</span> <span class='ocrx_word' id='word_1_276' title='bbox 241 2728 340 2787; x_wconf 83' lang='lat' dir='ltr'>Scripti</span> <span class='ocrx_word' id='word_1_277' title='bbox 352 2735 378 2776; x_wconf 90' lang='lat' dir='ltr'>et</span> <span class='ocrx_word' id='word_1_278' title='bbox 394 2726 456 2776; x_wconf 83' lang='lat' dir='ltr'>edd.</span> <span class='ocrx_word' id='word_1_279' title='bbox 474 2727 590 2791; x_wconf 73' lang='lat' dir='ltr'>antiquie</span> <span class='ocrx_word' id='word_1_280' title='bbox 607 2727 679 2777; x_wconf 74' lang='lat' dir='ltr'>iden.</span> <span class='ocrx_word' id='word_1_281' title='bbox 718 2729 832 2790; x_wconf 65' lang='lat' dir='ltr'>ponium,</span> <span class='ocrx_word' id='word_1_282' title='bbox 852 2729 1020 2788; x_wconf 82' lang='lat' dir='ltr'>Gronorirrm‚</span> <span class='ocrx_word' id='word_1_283' title='bbox 1040 2729 1159 2792; x_wconf 84' lang='lat' dir='ltr'>eiioaque</span> <span class='ocrx_word' id='word_1_284' title='bbox 1179 2742 1250 2793; x_wconf 83' lang='lat' dir='ltr'>repu-</span> 
     </span>
     <span class='ocr_line' id='line_1_29' title="bbox 145 2799 1250 2868; baseline 0.005 -20"><span class='ocrx_word' id='word_1_285' title='bbox 145 2799 224 2850; x_wconf 87' lang='lat' dir='ltr'>Unde</span> <span class='ocrx_word' id='word_1_286' title='bbox 236 2816 344 2863; x_wconf 75' lang='lat' dir='ltr'>magnus</span> <span class='ocrx_word' id='word_1_287' title='bbox 356 2806 394 2851; x_wconf 89' lang='lat' dir='ltr'>rir</span> <span class='ocrx_word' id='word_1_288' title='bbox 406 2804 536 2866; x_wconf 90' lang='lat' dir='ltr'>interponi</span> <span class='ocrx_word' id='word_1_289' title='bbox 551 2803 681 2859; x_wconf 65' lang='lat' dir='ltr'>minimo</span> <span class='ocrx_word' id='word_1_290' title='bbox 717 2804 798 2852; x_wconf 77' lang='lat' dir='ltr'>tuisne</span> <span class='ocrx_word' id='word_1_291' title='bbox 803 2804 879 2868; x_wconf 75' lang='lat' dir='ltr'>sidem</span> <span class='ocrx_word' id='word_1_292' title='bbox 889 2805 969 2852; x_wconf 81' lang='lat' dir='ltr'>moliri</span> <span class='ocrx_word' id='word_1_293' title='bbox 979 2804 1060 2865; x_wconf 71' lang='lat' dir='ltr'>rapit.</span> <span class='ocrx_word' id='word_1_294' title='bbox 1085 2802 1250 2856; x_wconf 80' lang='lat' dir='ltr'>EtitaGrn·</span> 
     </span>
     <span class='ocr_line' id='line_1_30' title="bbox 144 2877 1249 2941; baseline 0.005 -17"><span class='ocrx_word' id='word_1_295' title='bbox 144 2890 193 2925; x_wconf 84' lang='lat' dir='ltr'>aere</span> <span class='ocrx_word' id='word_1_296' title='bbox 203 2877 280 2925; x_wconf 84' lang='lat' dir='ltr'>oiiero</span> <span class='ocrx_word' id='word_1_297' title='bbox 291 2880 353 2927; x_wconf 84' lang='lat' dir='ltr'>idern</span> <span class='ocrx_word' id='word_1_298' title='bbox 362 2881 441 2927; x_wconf 80' lang='lat' dir='ltr'>ntoiiri</span> <span class='ocrx_word' id='word_1_299' title='bbox 451 2881 529 2941; x_wconf 71' lang='lat' dir='ltr'>eupit.</span> <span class='ocrx_word' id='word_1_300' title='bbox 545 2878 596 2927; x_wconf 88' lang='lat' dir='ltr'>Sed</span> <span class='ocrx_word' id='word_1_301' title='bbox 608 2885 679 2927; x_wconf 81' lang='lat' dir='ltr'>recte</span> <span class='ocrx_word' id='word_1_302' title='bbox 716 2879 807 2927; x_wconf 80' lang='lat' dir='ltr'>novius</span> <span class='ocrx_word' id='word_1_303' title='bbox 830 2879 908 2927; x_wconf 81' lang='lat' dir='ltr'>etiam</span> <span class='ocrx_word' id='word_1_304' title='bbox 937 2879 1077 2941; x_wconf 78' lang='lat' dir='ltr'>legendnm</span> <span class='ocrx_word' id='word_1_305' title='bbox 1100 2882 1204 2930; x_wconf 89' lang='lat' dir='ltr'>monuit</span> <span class='ocrx_word' id='word_1_306' title='bbox 1223 2880 1249 2929; x_wconf 80' lang='lat' dir='ltr'>ia</span> 
     </span>
     <span class='ocr_line' id='line_1_31' title="bbox 145 2952 1249 3017; baseline 0.005 -18"><span class='ocrx_word' id='word_1_307' title='bbox 145 2952 346 3017; x_wconf 72' lang='lat' dir='ltr'>Sigoniuefidern</span> <span class='ocrx_word' id='word_1_308' title='bbox 357 2956 444 3005; x_wconf 79' lang='lat' dir='ltr'>moliri.</span> <span class='ocrx_word' id='word_1_309' title='bbox 473 2955 680 3005; x_wconf 75' lang='lat' dir='ltr'>Nummoiiriert</span> <span class='ocrx_word' id='word_1_310' title='bbox 718 2954 1026 3017; x_wconf 82' lang='lat' dir='ltr'>primaed.notnrumnd</span> <span class='ocrx_word' id='word_1_311' title='bbox 1045 2968 1130 3006; x_wconf 75' lang='lat' dir='ltr'>xxiv.</span> <span class='ocrx_word' id='word_1_312' title='bbox 1147 2960 1190 3005; x_wconf 75' lang='lat' dir='ltr'>db.</span> <span class='ocrx_word' id='word_1_313' title='bbox 1207 2954 1249 3005; x_wconf 80' lang='lat' dir='ltr'>nbi</span> 
     </span>
     <span class='ocr_line' id='line_1_32' title="bbox 143 3026 1249 3092; baseline 0.004 -17"><span class='ocrx_word' id='word_1_314' title='bbox 143 3026 315 3090; x_wconf 81' lang='lat' dir='ltr'>iabefectnre,</span> <span class='ocrx_word' id='word_1_315' title='bbox 327 3039 356 3079; x_wconf 89' lang='lat' dir='ltr'>ut</span> <span class='ocrx_word' id='word_1_316' title='bbox 374 3033 383 3058; x_wconf 82' lang='lat'><strong>⁴</strong></span> <span class='ocrx_word' id='word_1_317' title='bbox 396 3032 481 3081; x_wconf 85' lang='lat' dir='ltr'>moliri</span> <span class='ocrx_word' id='word_1_318' title='bbox 492 3030 580 3092; x_wconf 78' lang='lat' dir='ltr'>soree,’</span> <span class='ocrx_word' id='word_1_319' title='bbox 592 3039 619 3080; x_wconf 86' lang='lat' dir='ltr'>et</span> <span class='ocrx_word' id='word_1_320' title='bbox 630 3031 680 3080; x_wconf 87' lang='lat' dir='ltr'>huc</span> <span class='ocrx_word' id='word_1_321' title='bbox 717 3035 804 3078; x_wconf 91' lang='lat' dir='ltr'>tamen</span> <span class='ocrx_word' id='word_1_322' title='bbox 818 3028 917 3078; x_wconf 74' lang='lat' dir='ltr'>trustra</span> <span class='ocrx_word' id='word_1_323' title='bbox 927 3030 1062 3092; x_wconf 86' lang='lat' dir='ltr'>Sigoninm</span> <span class='ocrx_word' id='word_1_324' title='bbox 1073 3030 1187 3079; x_wconf 75' lang='lat' dir='ltr'>demoliri</span> <span class='ocrx_word' id='word_1_325' title='bbox 1197 3044 1249 3079; x_wconf 88' lang='lat' dir='ltr'>uta·</span> 
     </span>
     <span class='ocr_line' id='line_1_33' title="bbox 144 3103 1250 3169; baseline 0.003 -17"><span class='ocrx_word' id='word_1_326' title='bbox 144 3104 202 3167; x_wconf 83' lang='lat' dir='ltr'>ipru</span> <span class='ocrx_word' id='word_1_327' title='bbox 214 3105 260 3154; x_wconf 85' lang='lat' dir='ltr'>tib.</span> <span class='ocrx_word' id='word_1_328' title='bbox 270 3121 294 3155; x_wconf 87' lang='lat' dir='ltr'>c.</span> <span class='ocrx_word' id='word_1_329' title='bbox 307 3110 348 3157; x_wconf 72' lang='grc'><strong>88.</strong></span> <span class='ocrx_word' id='word_1_330' title='bbox 365 3108 465 3157; x_wconf 85' lang='lat' dir='ltr'>‘moliri</span> <span class='ocrx_word' id='word_1_331' title='bbox 486 3107 574 3156; x_wconf 79' lang='lat' dir='ltr'>obiter</span> <span class='ocrx_word' id='word_1_332' title='bbox 593 3115 680 3169; x_wconf 88' lang='lat' dir='ltr'>porta·</span> <span class='ocrx_word' id='word_1_333' title='bbox 717 3103 794 3152; x_wconf 84' lang='lat' dir='ltr'>iniere</span> <span class='ocrx_word' id='word_1_334' title='bbox 806 3104 945 3154; x_wconf 81' lang='lat' dir='ltr'>rcribentie</span> <span class='ocrx_word' id='word_1_335' title='bbox 957 3119 1048 3152; x_wconf 80' lang='lat' dir='ltr'>uranus</span> <span class='ocrx_word' id='word_1_336' title='bbox 1066 3104 1213 3161; x_wconf 77' lang='lat' dir='ltr'>aberravit.</span> <span class='ocrx_word' id='word_1_337' title='bbox 1222 3112 1250 3155; x_wconf 81' lang='lat' dir='ltr'>tt</span> 
     </span>
     <span class='ocr_line' id='line_1_34' title="bbox 144 3178 1250 3247; baseline 0.002 -18"><span class='ocrx_word' id='word_1_338' title='bbox 144 3178 220 3229; x_wconf 65' lang='lat' dir='ltr'>rum!</span> <span class='ocrx_word' id='word_1_339' title='bbox 252 3181 403 3247; x_wconf 84' lang='lat' dir='ltr'>Iterumqne</span> <span class='ocrx_word' id='word_1_340' title='bbox 415 3197 438 3230; x_wconf 92' lang='lat' dir='ltr'>c.</span> <span class='ocrx_word' id='word_1_341' title='bbox 450 3186 490 3231; x_wconf 71' lang='grc'><strong>84.</strong></span> <span class='ocrx_word' id='word_1_342' title='bbox 508 3183 614 3231; x_wconf 76' lang='lat' dir='ltr'>‘Purra</span> <span class='ocrx_word' id='word_1_343' title='bbox 624 3195 678 3230; x_wconf 83' lang='lat' dir='ltr'>rem</span> <span class='ocrx_word' id='word_1_344' title='bbox 717 3179 802 3228; x_wconf 85' lang='lat' dir='ltr'>enimn</span> <span class='ocrx_word' id='word_1_345' title='bbox 813 3179 869 3242; x_wconf 75' lang='lat' dir='ltr'>ejus</span> <span class='ocrx_word' id='word_1_346' title='bbox 880 3181 934 3228; x_wconf 81' lang='lat' dir='ltr'>niue</span> <span class='ocrx_word' id='word_1_347' title='bbox 942 3178 1021 3227; x_wconf 90' lang='lat' dir='ltr'>dubio</span> <span class='ocrx_word' id='word_1_348' title='bbox 1031 3180 1147 3229; x_wconf 67' lang='lat' dir='ltr'>Fuerunt</span> <span class='ocrx_word' id='word_1_349' title='bbox 1159 3181 1250 3231; x_wconf 80' lang='lat' dir='ltr'>obver-</span> 
     </span>
     <span class='ocr_line' id='line_1_35' title="bbox 144 3253 1249 3319; baseline -0.001 -13"><span class='ocrx_word' id='word_1_350' title='bbox 144 3258 278 3319; x_wconf 72' lang='lat' dir='ltr'>ingentem</span> <span class='ocrx_word' id='word_1_351' title='bbox 289 3258 412 3306; x_wconf 78' lang='lat' dir='ltr'>moliundi</span> <span class='ocrx_word' id='word_1_352' title='bbox 423 3255 680 3306; x_wconf 68' lang='lat' dir='ltr'>caueteinterrenit!</span> <span class='ocrx_word' id='word_1_353' title='bbox 715 3261 786 3303; x_wconf 83' lang='lat' dir='ltr'>antur</span> <span class='ocrx_word' id='word_1_354' title='bbox 805 3262 855 3303; x_wconf 81' lang='lat' dir='ltr'>ert.</span> <span class='ocrx_word' id='word_1_355' title='bbox 875 3253 988 3314; x_wconf 64' lang='lat' dir='ltr'>‘Fiden’</span> <span class='ocrx_word' id='word_1_356' title='bbox 1006 3262 1034 3303; x_wconf 88' lang='lat' dir='ltr'>ut</span> <span class='ocrx_word' id='word_1_357' title='bbox 1055 3254 1127 3316; x_wconf 85' lang='lat' dir='ltr'>apud</span> <span class='ocrx_word' id='word_1_358' title='bbox 1143 3256 1249 3305; x_wconf 82' lang='lat' dir='ltr'>Snetntt.</span> 
     </span>
     <span class='ocr_line' id='line_1_36' title="bbox 143 3328 1249 3395; baseline 0 -14"><span class='ocrx_word' id='word_1_359' title='bbox 143 3333 333 3383; x_wconf 81' lang='lat' dir='ltr'>Lebeiactnurr</span> <span class='ocrx_word' id='word_1_360' title='bbox 344 3343 431 3381; x_wconf 86' lang='lat' dir='ltr'>autem</span> <span class='ocrx_word' id='word_1_361' title='bbox 445 3332 519 3389; x_wconf 84' lang='lat' dir='ltr'>fidet,</span> <span class='ocrx_word' id='word_1_362' title='bbox 530 3348 588 3382; x_wconf 88' lang='lat' dir='ltr'>cum</span> <span class='ocrx_word' id='word_1_363' title='bbox 601 3345 678 3395; x_wconf 86' lang='lat' dir='ltr'>pecu·</span> <span class='ocrx_word' id='word_1_364' title='bbox 716 3330 741 3377; x_wconf 91' lang='lat' dir='ltr'>in</span> <span class='ocrx_word' id='word_1_365' title='bbox 753 3328 871 3391; x_wconf 78' lang='lat' dir='ltr'>Augrmo</span> <span class='ocrx_word' id='word_1_366' title='bbox 891 3344 914 3378; x_wconf 88' lang='lat' dir='ltr'>c.</span> <span class='ocrx_word' id='word_1_367' title='bbox 932 3334 974 3378; x_wconf 82' lang='grc'><strong>42.</strong></span> <span class='ocrx_word' id='word_1_368' title='bbox 990 3330 998 3357; x_wconf 85' lang='lat'>‘</span> <span class='ocrx_word' id='word_1_369' title='bbox 1010 3330 1124 3394; x_wconf 78' lang='lat' dir='ltr'>Populo,</span> <span class='ocrx_word' id='word_1_370' title='bbox 1141 3330 1249 3394; x_wconf 80' lang='lat' dir='ltr'>promin-</span> 
     </span>
     <span class='ocr_line' id='line_1_37' title="bbox 143 3404 1248 3468; baseline 0 -12"><span class='ocrx_word' id='word_1_371' title='bbox 143 3409 194 3458; x_wconf 79' lang='lat' dir='ltr'>nitc</span> <span class='ocrx_word' id='word_1_372' title='bbox 215 3411 323 3458; x_wconf 74' lang='lat' dir='ltr'>creditu</span> <span class='ocrx_word' id='word_1_373' title='bbox 341 3410 522 3459; x_wconf 81' lang='lat' dir='ltr'>condonantur</span> <span class='ocrx_word' id='word_1_374' title='bbox 541 3407 679 3458; x_wconf 89' lang='lat' dir='ltr'>creditori·</span> <span class='ocrx_word' id='word_1_375' title='bbox 715 3419 770 3454; x_wconf 86' lang='lat' dir='ltr'>num</span> <span class='ocrx_word' id='word_1_376' title='bbox 787 3404 891 3468; x_wconf 82' lang='lat' dir='ltr'>quidem</span> <span class='ocrx_word' id='word_1_377' title='bbox 913 3405 1073 3467; x_wconf 84' lang='lat' dir='ltr'>congiarium</span> <span class='ocrx_word' id='word_1_378' title='bbox 1091 3405 1248 3468; x_wconf 72' lang='lat' dir='ltr'>reposcenti.</span> 
     </span>
     <span class='ocr_line' id='line_1_38' title="bbox 144 3482 1249 3547; baseline 0.004 -15"><span class='ocrx_word' id='word_1_379' title='bbox 144 3484 202 3532; x_wconf 83' lang='lat' dir='ltr'>bur.</span> <span class='ocrx_word' id='word_1_380' title='bbox 236 3487 300 3537; x_wconf 78' lang='lat' dir='ltr'>Quis</span> <span class='ocrx_word' id='word_1_381' title='bbox 322 3488 389 3534; x_wconf 90' lang='lat' dir='ltr'>enim</span> <span class='ocrx_word' id='word_1_382' title='bbox 409 3487 518 3536; x_wconf 84' lang='lat' dir='ltr'>credero</span> <span class='ocrx_word' id='word_1_383' title='bbox 539 3487 618 3541; x_wconf 83' lang='lat' dir='ltr'>rotet,</span> <span class='ocrx_word' id='word_1_384' title='bbox 629 3485 679 3534; x_wconf 88' lang='lat' dir='ltr'>hoc</span> <span class='ocrx_word' id='word_1_385' title='bbox 716 3483 790 3532; x_wconf 67' lang='lat' dir='ltr'>bonni</span> <span class='ocrx_word' id='word_1_386' title='bbox 809 3499 836 3532; x_wconf 83' lang='lat' dir='ltr'>ee</span> <span class='ocrx_word' id='word_1_387' title='bbox 853 3482 914 3531; x_wconf 85' lang='lat' dir='ltr'>fidei</span> <span class='ocrx_word' id='word_1_388' title='bbox 931 3485 1160 3547; x_wconf 62' lang='lat' dir='ltr'>eurerenpondit!</span> <span class='ocrx_word' id='word_1_389' title='bbox 1191 3486 1249 3537; x_wconf 76' lang='lat' dir='ltr'>Jun-</span> 
     </span>
     <span class='ocr_line' id='line_1_39' title="bbox 143 3559 1248 3626; baseline 0.002 -17"><span class='ocrx_word' id='word_1_390' title='bbox 143 3562 165 3609; x_wconf 87' lang='lat' dir='ltr'>ai</span> <span class='ocrx_word' id='word_1_391' title='bbox 189 3571 326 3623; x_wconf 73' lang='lat' dir='ltr'>exspectet</span> <span class='ocrx_word' id='word_1_392' title='bbox 348 3564 416 3624; x_wconf 80' lang='lat' dir='ltr'>iore,</span> <span class='ocrx_word' id='word_1_393' title='bbox 439 3574 467 3613; x_wconf 89' lang='lat' dir='ltr'>nt</span> <span class='ocrx_word' id='word_1_394' title='bbox 496 3578 547 3612; x_wconf 89' lang='lat' dir='ltr'>non</span> <span class='ocrx_word' id='word_1_395' title='bbox 568 3564 679 3626; x_wconf 86' lang='lat' dir='ltr'>recipiat</span> <span class='ocrx_word' id='word_1_396' title='bbox 717 3560 764 3608; x_wconf 91' lang='lat' dir='ltr'>tin.</span> <span class='ocrx_word' id='word_1_397' title='bbox 782 3571 853 3607; x_wconf 80' lang='lat' dir='ltr'>nir.</span> <span class='ocrx_word' id='word_1_398' title='bbox 872 3563 896 3607; x_wconf 85' lang='lat' dir='ltr'>l.</span> <span class='ocrx_word' id='word_1_399' title='bbox 912 3559 1014 3610; x_wconf 84' lang='lat' dir='ltr'>‘Quum</span> <span class='ocrx_word' id='word_1_400' title='bbox 1030 3560 1248 3623; x_wconf 80' lang='lat' dir='ltr'>Syracruaacnn·</span> 
     </span>
     <span class='ocr_line' id='line_1_40' title="bbox 143 3634 1247 3702; baseline -0.001 -14"><span class='ocrx_word' id='word_1_401' title='bbox 143 3638 234 3683; x_wconf 79' lang='lat' dir='ltr'>tuum?</span> <span class='ocrx_word' id='word_1_402' title='bbox 259 3638 300 3684; x_wconf 79' lang='lat' dir='ltr'>Ad</span> <span class='ocrx_word' id='word_1_403' title='bbox 314 3640 679 3702; x_wconf 67' lang='lat' dir='ltr'>itinanrauniitSigoniue,</span> <span class='ocrx_word' id='word_1_404' title='bbox 717 3635 849 3695; x_wconf 71' lang='lat' dir='ltr'>cessisset,</span> <span class='ocrx_word' id='word_1_405' title='bbox 868 3634 1036 3697; x_wconf 73' lang='lat' dir='ltr'>educiturque</span> <span class='ocrx_word' id='word_1_406' title='bbox 1062 3637 1090 3684; x_wconf 92' lang='lat' dir='ltr'>in</span> <span class='ocrx_word' id='word_1_407' title='bbox 1112 3637 1247 3687; x_wconf 79' lang='lat' dir='ltr'>ciriteten</span> 
     </span>
     <span class='ocr_line' id='line_1_41' title="bbox 143 3708 1248 3771; baseline 0.007 -16"><span class='ocrx_word' id='word_1_408' title='bbox 143 3708 211 3756; x_wconf 87' lang='lat' dir='ltr'>addo</span> <span class='ocrx_word' id='word_1_409' title='bbox 231 3712 315 3757; x_wconf 84' lang='lat' dir='ltr'>iocum</span> <span class='ocrx_word' id='word_1_410' title='bbox 336 3713 470 3760; x_wconf 74' lang='lat' dir='ltr'>Ciceronis</span> <span class='ocrx_word' id='word_1_411' title='bbox 487 3728 519 3761; x_wconf 82' lang='lat' dir='ltr'>ex</span> <span class='ocrx_word' id='word_1_412' title='bbox 538 3713 583 3761; x_wconf 91' lang='lat' dir='ltr'>iib.</span> <span class='ocrx_word' id='word_1_413' title='bbox 595 3726 626 3761; x_wconf 88' lang='lat' dir='ltr'>rr.</span> <span class='ocrx_word' id='word_1_414' title='bbox 643 3712 677 3762; x_wconf 88' lang='lat' dir='ltr'>de</span> <span class='ocrx_word' id='word_1_415' title='bbox 716 3710 889 3758; x_wconf 80' lang='lat' dir='ltr'>interiocoiar</span> <span class='ocrx_word' id='word_1_416' title='bbox 901 3719 978 3771; x_wconf 79' lang='lat' dir='ltr'>cenot,</span> <span class='ocrx_word' id='word_1_417' title='bbox 988 3709 1031 3759; x_wconf 90' lang='lat' dir='ltr'>diu</span> <span class='ocrx_word' id='word_1_418' title='bbox 1044 3711 1102 3760; x_wconf 82' lang='lat' dir='ltr'>sine</span> <span class='ocrx_word' id='word_1_419' title='bbox 1113 3710 1168 3762; x_wconf 81' lang='lat' dir='ltr'>tide</span> <span class='ocrx_word' id='word_1_420' title='bbox 1179 3712 1248 3763; x_wconf 74' lang='lat' dir='ltr'>{uit-⁹</span> 
     </span>
     <span class='ocr_line' id='line_1_42' title="bbox 143 3784 1248 3851; baseline 0.005 -20"><span class='ocrx_word' id='word_1_421' title='bbox 143 3784 244 3835; x_wconf 76' lang='lat' dir='ltr'>Officiis</span> <span class='ocrx_word' id='word_1_422' title='bbox 260 3801 285 3834; x_wconf 83' lang='lat' dir='ltr'>c.</span> <span class='ocrx_word' id='word_1_423' title='bbox 305 3792 346 3835; x_wconf 73' lang='lat' dir='ltr'>ut.</span> <span class='ocrx_word' id='word_1_424' title='bbox 379 3789 677 3850; x_wconf 83' lang='lat' dir='ltr'>‘Quamobrcm,neait</span> <span class='ocrx_word' id='word_1_425' title='bbox 716 3785 799 3833; x_wconf 85' lang='lat' dir='ltr'>Recto</span> <span class='ocrx_word' id='word_1_426' title='bbox 826 3786 904 3833; x_wconf 82' lang='lat' dir='ltr'>etiem</span> <span class='ocrx_word' id='word_1_427' title='bbox 927 3785 1075 3834; x_wconf 72' lang='lat' dir='ltr'>Gronovius</span> <span class='ocrx_word' id='word_1_428' title='bbox 1097 3788 1181 3836; x_wconf 76' lang='lat' dir='ltr'>moliri</span> <span class='ocrx_word' id='word_1_429' title='bbox 1201 3800 1248 3851; x_wconf 80' lang='lat' dir='ltr'>per</span> 
     </span>
     <span class='ocr_line' id='line_1_43' title="bbox 142 3858 1249 3927; baseline 0.006 -20"><span class='ocrx_word' id='word_1_430' title='bbox 142 3874 177 3907; x_wconf 74' lang='lat' dir='ltr'>ara</span> <span class='ocrx_word' id='word_1_431' title='bbox 188 3861 311 3919; x_wconf 85' lang='lat' dir='ltr'>aiieuum,</span> <span class='ocrx_word' id='word_1_432' title='bbox 322 3862 389 3924; x_wconf 86' lang='lat' dir='ltr'>quod</span> <span class='ocrx_word' id='word_1_433' title='bbox 407 3865 558 3925; x_wconf 80' lang='lat' dir='ltr'>reipubiicte</span> <span class='ocrx_word' id='word_1_434' title='bbox 572 3874 676 3927; x_wconf 84' lang='lat' dir='ltr'>noceat,</span> <span class='ocrx_word' id='word_1_435' title='bbox 715 3858 889 3908; x_wconf 66' lang='lat' dir='ltr'>‘lnbefacim</span> <span class='ocrx_word' id='word_1_436' title='bbox 899 3859 907 3881; x_wconf 83' lang='lat'>&#39;</span> <span class='ocrx_word' id='word_1_437' title='bbox 916 3864 1045 3923; x_wconf 72' lang='lat' dir='ltr'>etpotuit·</span> <span class='ocrx_word' id='word_1_438' title='bbox 1077 3860 1154 3910; x_wconf 73' lang='lat' dir='ltr'>luftu</span> <span class='ocrx_word' id='word_1_439' title='bbox 1167 3875 1249 3912; x_wconf 72' lang='lat' dir='ltr'>xxiv·</span> 
     </span>
     <span class='ocr_line' id='line_1_44' title="bbox 141 3935 1247 4000; baseline 0.005 -18"><span class='ocrx_word' id='word_1_440' title='bbox 141 3936 397 3998; x_wconf 78' lang='lat' dir='ltr'>providendument:</span> <span class='ocrx_word' id='word_1_441' title='bbox 415 3937 675 4000; x_wconf 88' lang='lat' dir='ltr'>qrrodmuitirratio-</span> <span class='ocrx_word' id='word_1_442' title='bbox 713 3936 755 3982; x_wconf 73' lang='lat'>⁴6·</span> <span class='ocrx_word' id='word_1_443' title='bbox 779 3935 943 3997; x_wconf 84' lang='lat' dir='ltr'>‘Strepitum</span> <span class='ocrx_word' id='word_1_444' title='bbox 966 3935 1130 3984; x_wconf 81' lang='lat' dir='ltr'>molientium</span> <span class='ocrx_word' id='word_1_445' title='bbox 1146 3942 1247 4000; x_wconf 75' lang='lat' dir='ltr'>portari</span> 
     </span>
     <span class='ocr_line' id='line_1_45' title="bbox 141 4010 1249 4074; baseline 0.007 -16"><span class='ocrx_word' id='word_1_446' title='bbox 141 4012 216 4058; x_wconf 78' lang='lat' dir='ltr'>nibus</span> <span class='ocrx_word' id='word_1_447' title='bbox 229 4012 361 4072; x_wconf 83' lang='lat' dir='ltr'>provideri</span> <span class='ocrx_word' id='word_1_448' title='bbox 374 4020 475 4073; x_wconf 68' lang='lat' dir='ltr'>potente</span> <span class='ocrx_word' id='word_1_449' title='bbox 493 4011 676 4073; x_wconf 82' lang='lat' dir='ltr'>noneifuerit‚</span> <span class='ocrx_word' id='word_1_450' title='bbox 713 4010 832 4058; x_wconf 79' lang='lat' dir='ltr'>exaudiri</span> <span class='ocrx_word' id='word_1_451' title='bbox 854 4011 1011 4074; x_wconf 84' lang='lat' dir='ltr'>prohibuit:&#39;</span> <span class='ocrx_word' id='word_1_452' title='bbox 1029 4014 1073 4061; x_wconf 91' lang='lat' dir='ltr'>ubi</span> <span class='ocrx_word' id='word_1_453' title='bbox 1096 4015 1158 4064; x_wconf 81' lang='lat' dir='ltr'>vido</span> <span class='ocrx_word' id='word_1_454' title='bbox 1177 4030 1249 4066; x_wconf 75' lang='lat' dir='ltr'>enn-</span> 
     </span>
     <span class='ocr_line' id='line_1_46' title="bbox 142 4085 1245 4156; baseline 0.005 -21"><span class='ocrx_word' id='word_1_455' title='bbox 142 4095 172 4135; x_wconf 88' lang='lat' dir='ltr'>ut</span> <span class='ocrx_word' id='word_1_456' title='bbox 188 4087 331 4146; x_wconf 83' lang='lat' dir='ltr'>iocrrpietea</span> <span class='ocrx_word' id='word_1_457' title='bbox 348 4102 420 4134; x_wconf 87' lang='lat' dir='ltr'>auum</span> <span class='ocrx_word' id='word_1_458' title='bbox 434 4086 556 4149; x_wconf 83' lang='lat' dir='ltr'>perdunt,</span> <span class='ocrx_word' id='word_1_459' title='bbox 575 4087 675 4137; x_wconf 86' lang='lat' dir='ltr'>debito·</span> <span class='ocrx_word' id='word_1_460' title='bbox 713 4085 772 4135; x_wconf 84' lang='lat' dir='ltr'>dom</span> <span class='ocrx_word' id='word_1_461' title='bbox 792 4088 962 4136; x_wconf 81' lang='lat' dir='ltr'>Gronovium.</span> <span class='ocrx_word' id='word_1_462' title='bbox 995 4087 1075 4137; x_wconf 83' lang='lat' dir='ltr'>Aliud</span> <span class='ocrx_word' id='word_1_463' title='bbox 1095 4093 1245 4156; x_wconf 75' lang='lat' dir='ltr'>exemptum</span> 
     </span>
     <span class='ocr_line' id='line_1_47' title="bbox 142 4162 1246 4218; baseline 0.005 -6"><span class='ocrx_word' id='word_1_464' title='bbox 142 4178 184 4213; x_wconf 84' lang='lat' dir='ltr'>rer</span> <span class='ocrx_word' id='word_1_465' title='bbox 196 4164 329 4211; x_wconf 78' lang='lat' dir='ltr'>iderentur</span> <span class='ocrx_word' id='word_1_466' title='bbox 340 4163 452 4210; x_wconf 79' lang='lat' dir='ltr'>alienum</span> <span class='ocrx_word' id='word_1_467' title='bbox 464 4177 472 4210; x_wconf 74' lang='grc' dir='ltr'><strong><em>ε</em></strong></span> <span class='ocrx_word' id='word_1_468' title='bbox 485 4177 533 4211; x_wconf 89' lang='lat' dir='ltr'>nec</span> <span class='ocrx_word' id='word_1_469' title='bbox 543 4163 610 4211; x_wconf 89' lang='lat' dir='ltr'>enim</span> <span class='ocrx_word' id='word_1_470' title='bbox 623 4165 675 4213; x_wconf 83' lang='lat' dir='ltr'>ulla</span> <span class='ocrx_word' id='word_1_471' title='bbox 713 4162 849 4211; x_wconf 86' lang='lat' dir='ltr'>iocrrtiouie</span> <span class='ocrx_word' id='word_1_472' title='bbox 866 4164 970 4211; x_wconf 83' lang='lat' dir='ltr'>‘moliri</span> <span class='ocrx_word' id='word_1_473' title='bbox 988 4163 1083 4213; x_wconf 86' lang='lat' dir='ltr'>iidem&#39;</span> <span class='ocrx_word' id='word_1_474' title='bbox 1099 4167 1150 4217; x_wconf 87' lang='lat' dir='ltr'>boc</span> <span class='ocrx_word' id='word_1_475' title='bbox 1171 4181 1246 4218; x_wconf 78' lang='lat' dir='ltr'>renen</span> 
     </span>
     <span class='ocr_line' id='line_1_48' title="bbox 143 4238 1247 4301; baseline 0.007 -14"><span class='ocrx_word' id='word_1_476' title='bbox 143 4255 184 4289; x_wconf 78' lang='lat' dir='ltr'>ren</span> <span class='ocrx_word' id='word_1_477' title='bbox 198 4239 373 4288; x_wconf 77' lang='lat' dir='ltr'>vehementius</span> <span class='ocrx_word' id='word_1_478' title='bbox 387 4238 573 4301; x_wconf 84' lang='lat' dir='ltr'>rempublicam</span> <span class='ocrx_word' id='word_1_479' title='bbox 591 4241 676 4290; x_wconf 87' lang='lat' dir='ltr'>conti·</span> <span class='ocrx_word' id='word_1_480' title='bbox 712 4240 831 4301; x_wconf 75' lang='lat' dir='ltr'>poscenti</span> <span class='ocrx_word' id='word_1_481' title='bbox 853 4239 995 4288; x_wconf 85' lang='lat' dir='ltr'>Geblrrrdo</span> <span class='ocrx_word' id='word_1_482' title='bbox 1022 4242 1181 4293; x_wconf 81' lang='lat' dir='ltr'>entiafncere</span> <span class='ocrx_word' id='word_1_483' title='bbox 1202 4258 1247 4295; x_wconf 75' lang='lat' dir='ltr'>uu·</span> 
     </span>
     <span class='ocr_line' id='line_1_49' title="bbox 143 4315 1248 4384; baseline 0.005 -20"><span class='ocrx_word' id='word_1_484' title='bbox 143 4327 198 4378; x_wconf 81' lang='lat' dir='ltr'>net,</span> <span class='ocrx_word' id='word_1_485' title='bbox 209 4331 285 4381; x_wconf 86' lang='lat' dir='ltr'>quam</span> <span class='ocrx_word' id='word_1_486' title='bbox 295 4315 360 4364; x_wconf 84' lang='lat' dir='ltr'>fides</span> <span class='ocrx_word' id='word_1_487' title='bbox 373 4332 381 4365; x_wconf 77' lang='lat' dir='ltr'>r</span> <span class='ocrx_word' id='word_1_488' title='bbox 399 4331 455 4380; x_wconf 78' lang='lat' dir='ltr'>qum</span> <span class='ocrx_word' id='word_1_489' title='bbox 477 4317 547 4365; x_wconf 85' lang='lat' dir='ltr'>nuiin</span> <span class='ocrx_word' id='word_1_490' title='bbox 559 4330 616 4365; x_wconf 83' lang='lat' dir='ltr'>neue</span> <span class='ocrx_word' id='word_1_491' title='bbox 628 4331 674 4379; x_wconf 91' lang='lat' dir='ltr'>po·</span> <span class='ocrx_word' id='word_1_492' title='bbox 712 4328 794 4378; x_wconf 84' lang='lat' dir='ltr'>queo;</span> <span class='ocrx_word' id='word_1_493' title='bbox 813 4316 929 4377; x_wconf 85' lang='lat' dir='ltr'>proxime</span> <span class='ocrx_word' id='word_1_494' title='bbox 943 4325 1028 4364; x_wconf 84' lang='lat' dir='ltr'>tnnren</span> <span class='ocrx_word' id='word_1_495' title='bbox 1040 4317 1156 4381; x_wconf 83' lang='lat' dir='ltr'>accedit,</span> <span class='ocrx_word' id='word_1_496' title='bbox 1168 4319 1248 4384; x_wconf 80' lang='lat' dir='ltr'>quod,</span> 
     </span>
     <span class='ocr_line' id='line_1_50' title="bbox 143 4392 1248 4459; baseline 0.007 -19"><span class='ocrx_word' id='word_1_497' title='bbox 143 4400 205 4447; x_wconf 80' lang='lat' dir='ltr'>tert.</span> <span class='ocrx_word' id='word_1_498' title='bbox 223 4393 268 4440; x_wconf 85' lang='lat' dir='ltr'>uiri</span> <span class='ocrx_word' id='word_1_499' title='bbox 290 4393 339 4440; x_wconf 89' lang='lat' dir='ltr'>erit</span> <span class='ocrx_word' id='word_1_500' title='bbox 357 4392 505 4441; x_wconf 77' lang='lat' dir='ltr'>necerenrin</span> <span class='ocrx_word' id='word_1_501' title='bbox 523 4392 617 4441; x_wconf 77' lang='lat' dir='ltr'>cointio</span> <span class='ocrx_word' id='word_1_502' title='bbox 635 4406 675 4440; x_wconf 85' lang='lat' dir='ltr'>re·</span> <span class='ocrx_word' id='word_1_503' title='bbox 712 4405 790 4456; x_wconf 89' lang='lat' dir='ltr'>quum</span> <span class='ocrx_word' id='word_1_504' title='bbox 799 4394 878 4441; x_wconf 80' lang='lat' dir='ltr'>moliri</span> <span class='ocrx_word' id='word_1_505' title='bbox 890 4393 931 4443; x_wconf 87' lang='lat' dir='ltr'>bin</span> <span class='ocrx_word' id='word_1_506' title='bbox 943 4408 990 4455; x_wconf 91' lang='lat' dir='ltr'>pro</span> <span class='ocrx_word' id='word_1_507' title='bbox 1001 4394 1248 4459; x_wconf 79' lang='lat' dir='ltr'>‘iubet‘eccro,&#39;‘ia·</span> 
     </span>
     <span class='ocr_line' id='line_1_51' title="bbox 142 4466 1248 4533; baseline 0.008 -17"><span class='ocrx_word' id='word_1_508' title='bbox 142 4482 197 4517; x_wconf 92' lang='lat' dir='ltr'>rum</span> <span class='ocrx_word' id='word_1_509' title='bbox 216 4468 392 4519; x_wconf 69' lang='lat' dir='ltr'>creditarum:</span> <span class='ocrx_word' id='word_1_510' title='bbox 427 4467 491 4516; x_wconf 86' lang='lat' dir='ltr'>inde</span> <span class='ocrx_word' id='word_1_511' title='bbox 512 4475 540 4516; x_wconf 88' lang='lat' dir='ltr'>et</span> <span class='ocrx_word' id='word_1_512' title='bbox 557 4468 676 4530; x_wconf 88' lang='lat' dir='ltr'>queritur</span> <span class='ocrx_word' id='word_1_513' title='bbox 713 4466 864 4519; x_wconf 79' lang='lat' dir='ltr'>beirctnre’</span> <span class='ocrx_word' id='word_1_514' title='bbox 880 4479 1002 4533; x_wconf 80' lang='lat' dir='ltr'>ponatur,</span> <span class='ocrx_word' id='word_1_515' title='bbox 1018 4471 1116 4521; x_wconf 83' lang='lat' dir='ltr'>‘fidem</span> <span class='ocrx_word' id='word_1_516' title='bbox 1127 4473 1248 4525; x_wconf 79' lang='lat' dir='ltr'>tabefac-</span> 
     </span>
    </p>
   </div>
   <div class='ocr_carea' id='block_1_3' title="bbox 0 0 1396 5272">
    <p class='ocr_par' dir='ltr' id='par_1_3' title="bbox 0 0 1396 5272">
     <span class='ocr_line' id='line_1_52' title="bbox 0 0 1396 5272; baseline 0 3"><span class='ocrx_word' id='word_1_517' title='bbox 0 0 1396 5272; x_wconf 95' lang='lat' dir='ltr'> </span> 
     </span>
    </p>
   </div>
  </div>
 </body>
</html>
