2782 5272
365 798 399 844 r.
422 795 517 847 orvrr
534 732 646 846 ⁴rnen.
668 796 741 845 urs.
766 798 818 847 vr.
840 797 921 848 css.
942 783 997 848 41.
1144 784 1231 852 8106

127 936 259 1002 possim:
273 937 317 987 Its
328 940 462 1002 recepturi
474 946 534 989 sont
545 941 662 990 consuis·
701 940 814 989 sionibus
835 947 925 1004 petere
943 939 1065 992 molunt!
1098 942 1234 996 Preteres

128 1022 193 1072 inm,
202 1013 275 1076 qussi
286 1014 353 1076 iege,
362 1028 412 1061 non
425 1012 548 1075 suffrsgio
557 1031 564 1075 ς
574 1023 602 1063 nt
613 1028 662 1078 pro
701 1016 751 1064 eiio
765 1015 855 1064 ordine
871 1022 895 1066 et
910 1017 1000 1064 moissi
1016 1018 1175 1069 occasionibus
1190 1035 1232 1082 po·

130 1095 207 1137 tento
225 1089 324 1136 horrore
342 1103 448 1151 prorsus
466 1090 528 1138 niisil
548 1090 662 1140 debitori
700 1090 759 1149 tiss,
785 1104 855 1153 quom
889 1091 989 1154 viriste,
1022 1097 1103 1153 petere
1132 1093 1232 1144 sonores

130 1164 201 1223 siot;
222 1177 255 1213 ne
275 1171 376 1212 tontum
401 1165 516 1228 quidem,
536 1174 662 1228 quintum
701 1166 775 1216 Hori.
786 1172 812 1216 2.

129 1253 219 1302 prore
230 1239 371 1288 minimset
383 1241 457 1302 porri
471 1241 563 1302 pretii:
580 1255 663 1303 repro
730 1245 773 1306 §2
789 1243 836 1292 Est
857 1243 953 1306 oiiqsis,
971 1244 1012 1307 qui
1033 1257 1058 1293 sc
1075 1243 1170 1309 inspici,
1189 1248 1231 1310 qui

130 1315 339 1377 sisinisqsidess
350 1315 440 1378 iisqne
451 1329 516 1370 esse,
531 1322 663 1379 tsmqussm
699 1318 814 1368 cursim·
824 1319 954 1381 fosiidiot]
971 1319 1037 1368 Hrec
1055 1335 1154 1384 quoque
1171 1323 1229 1371 ebs·

130 1390 246 1451 minime,
271 1391 311 1438 rei
337 1405 371 1440 ne
397 1393 529 1442 minimum
549 1392 663 1454 quidem.
700 1392 1230 1460 qneinterrogationelegamcomironie,

131 1465 176 1514 Its
185 1466 252 1514 enim
264 1465 367 1514 Liriom
386 1467 482 1515 dixisse
499 1480 537 1516 ιν.
548 1472 573 1517 1.
588 1469 597 1496 ⁴
610 1469 664 1518 Pro
700 1477 728 1516 et
740 1470 813 1532 qussi
826 1483 873 1530 per
884 1469 1042 1519 irrisionem:
1060 1477 1088 1519 et
1099 1478 1134 1520 est
1144 1473 1232 1535 oiiqsiis

130 1540 233 1591 nemeto
252 1542 327 1591 stetit
346 1544 511 1606 megistrstns
527 1545 583 1607 ejus
595 1543 665 1607 jnse’
701 1543 776 1598 dixit.
797 1545 868 1593 reiut
891 1546 916 1593 in
936 1546 1103 1601 Thrasonem,
1120 1554 1149 1596 ut
1168 1546 1231 1596 iilud

131 1618 158 1666 id
175 1627 226 1678 est,
255 1625 383 1681 tsmqnssn
408 1619 549 1668 firnssmm.
573 1633 600 1669 x.
624 1625 665 1670 26.
700 1619 813 1682 Satyrici
831 1620 1021 1670 dunensisn.
1039 1635 1059 1668 r.
1076 1625 1116 1671 71.
1134 1620 1232 1670 ‘Ande

130 1694 288 1743 ‘Prorietis
299 1694 456 1743 essei'utot
468 1699 561 1743 xxuii.
578 1695 666 1746 Pisnt.
701 1693 807 1757 aliquid,
829 1694 951 1743 brevibus
970 1697 1064 1759 Gyaris
1080 1703 1108 1746 et
1125 1710 1230 1747 currere

131 1770 159 1820 in
169 1770 326 1819 Menaecims.
338 1784 369 1819 rr.
380 1774 404 1818 2.
415 1775 456 1820 21.
473 1771 544 1820 ‘Pro
555 1786 619 1820 suno
630 1772 665 1821 io·
699 1767 816 1833 dignum,
830 1770 857 1818 Si
871 1770 907 1817 vis
919 1785 976 1819 esse
988 1771 1099 1835 aliquid:
1115 1772 1231 1834 probitns

132 1844 195 1908 qni!
223 1845 665 1910 Propert.Eieg.r.10.2t.‘Nen
701 1845 1050 1909 trudatur,etuges.’cur.
1083 1850 1117 1898 Et
1129 1851 1192 1905 issec.
1204 1856 1232 1898 et

133 1920 181 1969 tibi
193 1934 240 1984 pro
251 1934 318 1968 reno
330 1920 410 1970 serbe
427 1921 540 1985 benigne
552 1921 667 1972 cedunt.’
702 1937 760 1987 qnae
771 1933 924 1987 sequuntur,
933 1926 1012 1974 serbo
1020 1928 1076 1977 sine
1088 1928 1231 1990 interrogo·

134 1997 219 2046 Elisus
228 1997 344 2046 ciericos
353 1998 437 2046 ioenm
447 2013 537 2047 sonum
547 1999 667 2062 putabet,
702 2001 773 2049 tione
782 2000 893 2063 legendo
904 2011 971 2052 sunt.
981 2002 1065 2065 Sigon.
1099 2005 1166 2053 Pus.
1179 2013 1233 2053 tres

133 2080 208 2122 etsie
224 2087 269 2135 pro
282 2072 388 2123 ssisrs'nsis
403 2075 497 2136 quidem
511 2073 667 2136 recipiebst,
701 2076 788 2138 inspici
807 2079 920 2126 extimari
934 2080 998 2138 sust.
1026 2081 1150 2143 Csmpsn.
1171 2093 1232 2129 reso

135 2149 208 2214 qussi
226 2150 324 2198 dictnm
344 2147 424 2209 soret,
440 2165 479 2200 ne¹
490 2165 535 2213 pro
555 2151 666 2199 minimis
702 2153 742 2216 qui
756 2167 782 2200 se
797 2153 885 2215 inspici
899 2156 1131 2218 oeuimuriqsescst.
1148 2156 1232 2204 Geor.

135 2224 239 2289 quidem
258 2225 427 2289 piebeiorum,
443 2227 487 2290 qui
505 2227 667 2275 consulatum
703 2230 850 2290 Campanus
866 2229 951 2292 inspici
966 2231 1136 2292 estimariqse.
1169 2232 1234 2280 'l'res

134 2299 255 2363 sdepsuri
265 2309 355 2361 ersot;
367 2302 438 2363 qussi
450 2302 560 2364 populus
573 2301 598 2349 in
609 2301 667 2350 ilios
704 2302 770 2352 Psii.
782 2311 809 2351 et
819 2304 915 2352 Thusn.
927 2306 999 2366 quise
1008 2306 1101 2368 inspici,
1110 2306 1234 2362 oestisssri,

135 2376 213 2424 etism
236 2376 398 2425 consuistum
420 2375 538 2425 conferre
562 2389 668 2425 necesse
697 2378 764 2437 fosi.
795 2378 889 2428 Placet
900 2381 1013 2437 omnino,
1024 2389 1051 2432 et
1068 2384 1156 2431 nescio
1173 2381 1236 2446 quid

135 2451 253 2502 heberet.
271 2451 380 2501 Codices
391 2451 564 2515 pertinaciter
575 2451 601 2499 in
614 2451 667 2500 roi·
705 2454 827 2517 ponderis
838 2463 879 2503 est
891 2457 917 2505 in
936 2456 1070 2518 ssyndeto·
1104 2457 1161 2506 Lib.
1174 2471 1237 2506 vus.

135 2536 222 2592 prtum
238 2528 405 2588 conspirent:
425 2535 453 2576 et
470 2534 556 2576 temen
567 2528 592 2576 id
605 2527 668 2577 ferri
705 2533 759 2578 md.
771 2529 816 2578 ‘Si
827 2529 930 2592 quondo
941 2545 1058 2593 umquem
1071 2532 1238 2581 consociandi

135 2618 212 2667 posse
226 2616 277 2651 non
293 2603 407 2651 ridetur.
438 2601 479 2650 An
495 2600 565 2650 sorte
582 2604 669 2666 legen·
706 2604 817 2666 imperii,
829 2604 986 2667 usurpandae
996 2605 1128 2655 iibertstis
1138 2615 1240 2669 tempus

136 2679 215 2729 dnm?
230 2685 258 2728 ssi
269 2678 341 2738 iiiiii,
350 2692 380 2726 sse
391 2679 514 2726 minimum
524 2677 618 2740 quidem
629 2679 669 2727 dc·
706 2678 837 2742 optastis)
868 2693 897 2729 x.
907 2684 949 2729 24.
964 2680 971 2707 ⁸
983 2681 1067 2732 Quum
1085 2682 1240 2745 periculum.

137 2757 222 2806 mess.-
240 2755 291 2810 rei,
307 2755 328 2803 si
342 2769 387 2817 pro
404 2756 518 2816 expungi
534 2755 607 2803 nimis
625 2769 669 2803 sn·
707 2755 839 2804 dimicatio
863 2754 996 2817 proposita
1017 2754 1072 2804 sit!
1112 2756 1156 2804 Sic
1173 2755 1241 2804 enim

137 2831 190 2882 dex
201 2829 336 2888 videstnr3
348 2835 376 2878 ssi
385 2830 446 2879 iiiiii
458 2832 542 2892 popsio
554 2831 669 2890 Romae,
708 2831 812 2891 scripti.
828 2831 856 2877 ,1.
868 2831 900 2878 F.
914 2831 991 2878 Gros.
1032 2830 1082 2884 Qui
1101 2843 1126 2878 sc
1146 2829 1244 2892 inspici,

136 2906 407 2968 nemisimumqsidem,
416 2905 525 2954 debeant.
546 2904 598 2952 Sed
610 2918 670 2953 con·
707 2905 748 2966 qui
774 2904 891 2951 testimari
918 2903 990 2962 jasi„
1025 2904 1242 2967 quemndmodonr

136 2980 253 3032 siderent
270 2982 315 3044 qui
333 2980 468 3041 promtiori
486 2979 591 3044 prsediti
610 2987 672 3030 sunt
708 2978 809 3042 priores
820 2979 908 3027 excusi
920 2977 1108 3042 preferunt,iu
1120 2981 1191 3030 nulio
1202 2989 1243 3030 est

137 3057 250 3120 ingenio·
283 3056 398 3105 Coetierii
415 3057 603 3118 expositionem
620 3069 670 3104 non
708 3067 823 3102 meorum
840 3053 974 3102 codicum:
991 3055 1033 3116 qui
1049 3069 1074 3105 se
1091 3055 1187 3119 inspici,
1199 3070 1242 3107 ex·

137 3133 217 3183 focile
244 3132 356 3196 aliquem
384 3131 555 3194 probaturum
581 3132 671 3181 eredo.
708 3130 857 3192 isiissoriqsse
867 3130 930 3188 fast.
943 3128 1088 3192 preferant
1107 3134 1170 3181 Lor-
1181 3138 1206 3182 2.
1216 3137 1242 3183 4.

138 3209 232 3260 Poniio
251 3217 314 3257 ente
337 3213 453 3271 qsoercst,
481 3223 528 3271 pro
554 3213 672 3270 poemat,
708 3209 733 3254 6.
757 3205 831 3254 Port.
849 3205 917 3253 Hor.
934 3214 961 3253 ct
979 3205 1088 3254 Herroii
1107 3209 1244 3258 oxonien-

138 3285 251 3335 111112.
268 3284 345 3334 Pori.
355 3290 383 3333 et
396 3282 514 3333 Hsserk·
547 3283 672 3338 Quoeriior
708 3280 743 3329 sis
761 3281 793 3328 B.
810 3280 851 3343 qni
866 3295 892 3328 se
910 3280 997 3342 inspici
1007 3281 1165 3344 extimumque
1176 3281 1241 3342 fosi.

139 3361 204 3411 Lor.
215 3364 239 3410 2.
709 3353 802 3419 fragm.
822 3354 890 3404 Hor.
909 3362 970 3404 sui.
991 3370 1045 3404 sec.
1062 3357 1103 3417 qui
1119 3370 1145 3405 sc
1156 3357 1244 3421 inspici

173 3437 208 3484 Es
218 3434 376 3484 occasionibus
390 3434 480 3497 potios,
491 3449 562 3498 quoni
572 3434 672 3494 uirtute,
707 3431 868 3493 aestimarique
888 3431 954 3490 susi.
981 3431 1136 3481 oxoniensis
1165 3433 1196 3481 L.
1216 3437 1243 3481 2.

137 3519 219 3574 perere
229 3511 327 3560 horrores
338 3509 434 3572 malim]
449 3509 672 3573 imprimimur.
707 3508 776 3570 opud
789 3507 949 3556 Hesrniuni:
967 3506 1008 3569 qui
1023 3521 1049 3555 sc
1066 3506 1164 3569 isspici,
1178 3508 1242 3556 erii-

140 3587 288 3637 Gronovius
310 3586 405 3649 edidit,
426 3594 511 3635 utrum
530 3585 563 3633 do
585 3584 670 3633 indus·
708 3583 842 3641 mariscot.
860 3583 925 3631 Lor.
938 3587 960 3631 1.
973 3586 998 3631 2.
1015 3591 1041 3630 et
1058 3580 1152 3644 fragm.
1170 3581 1240 3632 uss.

140 3662 200 3724 tris,
217 3677 251 3711 sn
268 3676 406 3725 operarum
429 3675 526 3716 errore.
545 3660 672 3709 incertum
708 3673 724 3706 n
734 3674 766 3708 m.
776 3673 816 3722 pr.
827 3658 901 3720 quise
910 3659 1006 3720 inspici,
1017 3658 1152 3716 esocsus.
1165 3658 1243 3708 Horis

140 3745 199 3787 est:
224 3753 287 3787 sone
307 3738 368 3787 sribi
389 3736 595 3786 immutandum
615 3750 672 3785 esse
708 3741 734 3785 2.
750 3736 791 3798 qui
810 3749 835 3783 sc
851 3735 948 3796 inspici,
958 3735 1075 3782 oesrimcn·
1086 3732 1151 3793 sust.
1163 3735 1241 3784 Voss·

140 3828 191 3863 nun
204 3813 320 3874 monnit;
336 3827 421 3876 neque
436 3812 478 3860 hic
494 3812 571 3859 etiam
589 3818 672 3859 muta·
708 3810 793 3870 smbo‚
810 3809 884 3859 Leid.
901 3810 984 3872 umbo,
1002 3809 1076 3859 Heri.
1092 3814 1114 3858 1.
1133 3808 1200 3859 Fior.
1211 3812 1240 3860 et

52 3913 55 3921 ·
140 3889 218 3939 tionis
230 3904 346 3938 cousssm
357 3885 480 3937 reddidit.
496 3886 572 3935 Hanc
583 3892 671 3934 entem
708 3885 818 3935 Gsertn.
852 3883 927 3932 Idem
945 3883 971 3931 in
986 3885 1036 3931 suis
1048 3885 1078 3934 L.
1090 3888 1113 3932 1.
1125 3883 1196 3934 lues
1207 3884 1238 3934 Cs·

141 3964 267 4013 Gronorii
291 3964 429 4012 tectionem
451 3970 544 4024 postes
565 3975 671 4024 recepe·
708 3959 832 4023 conspici,
855 3959 961 4008 Hesrne
981 3965 1102 4008 testetur.
1143 3960 1179 4009 Et
1200 3960 1240 4008 itt

141 4046 203 4089 runt
221 4052 320 4093 omnes,
339 4051 404 4103 quos
423 4036 485 4098 vidi,
505 4035 672 4084 recentiores.
704 4037 759 4099 jsrn
773 4034 916 4085 Frobenins
928 4033 1011 4083 edidit
1026 4039 1100 4083 1516.
1110 4048 1185 4098 quem
1198 4048 1238 4083 se·

142 4113 178 4163 rit
199 4112 332 4163 Gronovio
353 4112 451 4174 priores
471 4110 601 4161 dederunt
622 4126 672 4160 rso·
707 4112 1088 4162 ensisuntBosiieenses1589.
1106 4111 1239 4175 Gryphius

140 4191 209 4238 isset:
226 4202 302 4252 qsmns
318 4187 455 4236 lectionem
472 4187 567 4235 isobent
583 4200 672 4237 omues
709 4194 782 4240 1648.
799 4198 826 4238 et
844 4192 917 4238 1661.
934 4190 1061 4238 secutio.
1094 4187 1130 4236 At
1142 4189 1239 4237 Vssco-

142 4262 283 4313 mcicodd.
309 4262 433 4311 Esmdem
445 4262 523 4310 etism
535 4276 674 4324 superesse
708 4279 784 4312 senus
805 4270 833 4313 et
855 4263 947 4328 reliqui
969 4263 1081 4326 priorem
1099 4263 1237 4311 lectionem

142 4340 169 4389 io
192 4337 386 4390 oxoniensibus
408 4337 443 4387 N.
466 4346 493 4386 et
514 4337 544 4387 C.
568 4338 673 4386 Heorne
710 4350 873 4394 serocsrnnt.
895 4354 976 4403 usqne
1002 4339 1062 4387 dnm
1089 4338 1237 4386 Gronovius

143 4415 251 4465 monuit.
285 4414 359 4463 illem
370 4415 455 4477 iisque
468 4414 580 4463 restitui.
614 4412 674 4463 Non
710 4413 871 4477 lotiinipui
884 4415 1020 4476 posteriori
1031 4415 1088 4462 ioco
1099 4413 1192 4462 iterum
1204 4418 1239 4462 ex

144 4489 213 4539 enim
231 4489 329 4554 pendet
340 4489 422 4537 oratio
434 4503 465 4538 ex
479 4488 571 4537 rocnle
589 4487 675 4550 proxi·
710 4497 832 4539 contexto
843 4490 961 4552 ejiceret.
995 4490 1072 4550 Seps
1086 4487 1184 4536 Livium
1196 4502 1242 4538 co.

144 4585 187 4620 me
199 4569 359 4636 precedenti
372 4575 410 4630 ssi,
425 4567 471 4617 sed
489 4568 575 4632 potius
592 4567 674 4618 coisse·
711 4565 784 4630 pulos
796 4564 921 4628 omisisse,
938 4564 1082 4613 videbimus
1097 4561 1129 4612 sd
1147 4577 1186 4615 rx.
1198 4558 1241 4616 rs.'

145 4654 205 4701 sont
221 4647 229 4674 ⁶
243 4645 278 4695 Et
295 4644 334 4694 its
349 4652 411 4693 suot
421 4643 551 4706 sdeptnsi.
562 4649 589 4691 et
601 4654 674 4693 occs-
711 4644 763 4705 io.

211 4726 299 4784 nemi.
315 4731 339 4774 ri
354 4724 411 4773 Vnt.
423 4724 489 4771 Cios·
648 4722 743 4772 Livius·
1106 4722 1138 4768 21
1156 4719 1178 4768 1³
